2744 5130
97 216 163 279 422
567 216 600 268 A.
615 155 798 267 ’Baumstarhr

102 388 157 461 12,
181 404 217 443 ex
234 383 314 443 Plut.
339 383 375 441 16
400 400 492 442 exerc.
515 385 543 459 7,
569 402 604 440 ex
627 381 707 440 Plut.
726 382 763 440 de
781 381 876 441 cohib.
895 382 929 441 ir.
951 382 1007 458 19,
1031 382 1069 440 61
1089 383 1214 442 6116666
1233 401 1263 442 ex

103 475 198 533 Arist.
218 475 254 531 de
272 474 373 531 mund.
394 473 445 548 53,
464 491 500 530 ex
518 471 589 532 Luc.
608 473 645 530 16
664 471 717 531 cal.
739 472 789 547 51,
809 490 843 530 ex
862 471 1006 529 Themist.
1026 470 1062 530 de
1082 472 1150 531 virt.
1171 475 1218 546 62,
1234 491 1262 530 er

103 563 248 622 Themist.
273 564 308 620 16
333 562 417 620 amic.
439 563 494 637 28,
518 581 553 619 ex
577 560 657 619 Plut.
682 560 717 618 de
742 578 836 619 exerc.
855 563 889 636 9,
913 579 949 618 ex
968 560 1046 619 Plut.
1071 560 1108 620 de
1127 561 1218 620 cohib.
1234 561 1260 621 ir.

104 656 158 730 10,
178 653 215 710 61
236 651 359 710 tertiam
379 670 414 709 ex
432 648 525 708 Arist.
545 650 582 708 16
599 649 700 708 6661.
721 651 755 723 4,
774 668 810 708 ex
828 649 917 708 Isocr.
937 649 973 707 ad
993 648 1079 708 Dem.
1100 651 1132 727 9,
1152 649 1259 710 66166.
1283 678 1291 727 „3

103 742 212 801 (16661.
235 742 266 815 2,
287 760 323 799 ex
344 740 488 799 Themist.
507 739 543 799 de
562 740 630 798 virt.
652 742 683 811 9,
708 755 743 796 ex
763 737 905 798 Themist.
925 738 961 797 16
979 738 1065 798 6616.
1085 741 1119 817 4,
1143 759 1178 798 ex
1196 738 1259 799 Plnt

102 832 138 890 de
158 848 254 890 exerc.
280 833 308 905 7,
329 848 364 888 ex
383 829 461 887 Plut.
481 829 518 887 de
536 827 631 887 cohib.
650 827 685 886 ir.
706 830 734 887 3.

192 919 328 994 Denique
356 936 393 976 ne
422 918 497 976 illud
524 917 644 992 quidem
672 917 710 975 ad
737 916 909 976 versionum
934 916 1071 975 intimam
1099 917 1259 976 affinitatem
1287 948 1291 957 ·

104 1009 338 1087 cognoscendam
365 1007 440 1065 nihil
463 1007 579 1066 confert
602 1005 794 1064 enuntiata
816 1006 975 1065 relativa
1002 1007 1040 1065 ad
1062 1024 1157 1066 unum
1179 1007 1261 1066 omnia
1289 1034 1291 1039 ·

103 1096 325 1173 elegantissime
351 1096 535 1154 conformata
553 1113 618 1154 esse
637 1095 827 1153 61666666
846 1094 1031 1172 linguarum,
1051 1113 1125 1172 quas
1145 1095 1260 1169 dicimus,

68 1243 71 1248 .
107 1186 317 1246 Semiticarum
338 1185 498 1261 propriam.
513 1179 518 1190 '
531 1183 589 1242 Illa
603 1186 771 1243 structurae
785 1184 919 1256 durities,
939 1203 1029 1261 quam
1047 1184 1170 1261 plurimi
1187 1185 1261 1260 scrip·
1287 1228 1291 1239 .

104 1281 185 1335 tores
210 1270 366 1352 86161666
385 1273 520 1333 6111166
540 1273 567 1330 ei
586 1274 722 1350 maxime,
744 1273 796 1350 qui
813 1272 906 1333 libros
926 1270 1055 1333 Graecos
1075 1273 1194 1351 Syriaco
1209 1292 1261 1333 ver·
1288 1266 1291 1315 ῗ

104 1366 215 1441 166661,
236 1364 292 1424 6111
310 1364 514 1439 indulserunt,
543 1381 610 1421 cum
629 1362 696 1437 1666
714 1361 890 1438 pronomina
908 1362 1037 1422 relativa
1055 1363 1175 1422 11661666
1192 1380 1261 1422 cona·

103 1445 282 1535 66616401),
302 1455 340 1512 61
358 1453 447 1510 huius
467 1452 610 1511 sermonis
629 1451 751 1529 antiqno
771 1452 897 1510 candore
915 1451 1066 1511 abhorret.

193 1543 359 1601 Haecfere
378 1541 539 1619 1616166,
563 1559 640 1617 qnae
665 1540 702 1599 16
719 1558 829 1616 genere
852 1540 1001 1600 scribendi
1020 1541 1157 1601 dicerem.
1193 1541 1262 1611 Quod

105 1636 136 1691 et
158 1650 302 1708 perquam
327 1650 380 1706 pro
404 1635 472 1689 6616
495 1634 581 1706 parte
605 1630 762 1705 antiquum
786 1632 833 1688 est
856 1629 983 1688 616166
1007 1629 1038 1688 16
1061 1631 1196 1690 6661166
1217 1630 1262 1690 6111

104 1724 237 1795 6666161,
266 1719 475 1778 616166166
499 1718 627 1778 hominis
652 1719 755 1777 stilum
779 1720 895 1794 septem
917 1718 1069 1779 versiones
1093 1720 1190 1778 redire
1210 1736 1262 1778 mea

106 1810 230 1888 quidem
250 1808 400 1867 sententia
418 1807 551 1867 dubitari
568 1825 628 1866 non
645 1807 749 1882 possit.
782 1806 859 1865 Sunt
877 1826 948 1866 sane
967 1808 1045 1866 inter
1062 1809 1196 1884 singulas
1212 1826 1262 1868 vor·

106 1898 204 1958 siones
224 1898 371 1972 quaedam
393 1896 565 1955 discrimina
584 1898 735 1958 orationis.
773 1896 955 1955 Praesertim
978 1897 1122 1956 versionis
1141 1897 1262 1957 Demoni·
1286 1909 1291 1913 ’

106 2006 175 2067 6666
199 1985 344 2045 666116616
368 2004 428 2044 666
453 2004 550 2061 66666
572 1985 694 2061 6666616
718 1976 856 2065 suarm)
894 1984 1008 2045 Verum
1031 1986 1204 2056 discrimina
1223 1986 1264 2044 illa

107 2074 807 2151 6611611666661666616616611661666166,
832 2093 908 2150 qnae
932 2079 986 2133 661
1009 2093 1045 2133 ex
1067 2076 1186 2137 diversa
1206 2075 1263 2135 scri-

107 2165 195 2226 bendi
214 2165 354 2239 materia,
379 2182 454 2241 quae
478 2164 551 2223 alibi
570 2164 662 2222 alium
681 2182 847 2223 sermonem
866 2164 1010 2241 exegerit,
1034 2164 1122 2223 facile
1142 2165 1207 2225 duci
1223 2165 1264 2222 661

106 2256 150 2314 116
169 2254 310 2329 explicari
322 2255 446 2329 possint,
466 2257 506 2311 ut
520 2256 689 2312 statuamus
707 2253 802 2328 ipsius
818 2252 917 2329 Sergii
934 2271 1029 2328 genus
1046 2253 1194 2314 scribendi
1210 2271 1264 2329 pro·

107 2345 230 2403 cedente
250 2346 385 2419 tempore
405 2342 519 2418 aliquid
538 2344 687 2401 mutatum
703 2359 775 2400 esse.
807 2341 887 2399 Illud
906 2361 977 2402 vero
997 2361 1031 2401 eo
1049 2342 1169 2402 facilius
1188 2340 1266 2402 616161

107 2437 217 2510 661661,
236 2432 315 2508 quod
335 2431 489 2492 versiones
509 2432 645 2490 conditae
664 2435 734 2489 6661
752 2430 829 2488 61666
848 2449 913 2489 666
929 2434 1067 2505 6616166,
1087 2451 1148 2506 qua
1161 2431 1266 2510 Syriaca

108 2524 213 2598 lingua
231 2521 270 2580 ad
284 2521 406 2580 litteras
426 2523 457 2578 61
472 2519 661 2596 scriptionem
681 2519 825 2595 applicari
843 2518 894 2579 vix
907 2523 1054 2596 coeperat.
1088 2520 1188 2596 Atque
1205 2519 1262 2578 anti·

108 2610 282 2687 quissimam
301 2611 437 2686 quidem,
461 2610 602 2684 qnoniam
625 2609 663 2666 ad
682 2609 824 2684 temporis
843 2608 990 2668 rationem
1010 2609 1129 2690 deveni,
1152 2610 1267 2668 omniun

109 2700 275 2761 versionem
301 2698 442 2757 Isocratis
468 2717 533 2757 esse
557 2698 658 2769 facile,
682 2698 740 2755 nisi
762 2697 864 2770 fallor,
889 2697 1078 2773 perspicitur.
1115 2697 1160 2757 De
1183 2699 1267 2758 661616

109 2788 255 2848 versionis
274 2788 344 2845 libri
364 2788 400 2846 de
419 2788 530 2845 mundo
550 2786 621 2862 quid
641 2787 795 2862 sentirem,
815 2786 875 2844 iam
894 2787 955 2845 dixi
972 2787 1002 2844 in
1022 2805 1058 2845 ea
1076 2791 1163 2861 66616
1182 2787 1266 2862 dispu-

110 2877 247 2948 tationis,
271 2894 331 2950 qua
354 2875 390 2933 de
413 2876 477 2935 vita
499 2874 595 2950 Sergii
620 2879 650 2933 61
673 2876 790 2950 66616116
814 2877 950 2935 tractavi.
989 2875 1132 2935 Isocratis
1157 2875 1266 2951 deniquo

110 2968 188 3025 16166
207 2967 238 3023 61
256 2963 562 3022 Ρ66616·Α6161616116
582 2964 734 3024 versiones
754 2966 870 3023 ceterae
889 2964 1028 3024 videntur
1047 2965 1144 3024 166166
1164 2984 1232 3024 6666.

93 3103 101 3117 ,
199 3054 296 3112 Multo
316 3052 408 3112 etiam
424 3052 524 3112 minus
545 3071 636 3129 quam¹
648 3052 679 3111 in
693 3072 803 3129 genere
819 3053 966 3112 scribendi
981 3053 1070 3128 61666
1087 3055 1267 3128 absolutaque

111 3143 300 3219 singularum
320 3142 489 3201 versionum
509 3142 714 3201 convenientia
733 3143 898 3217 exspectari
917 3141 1006 3202 16161
1029 3143 1061 3200 16
1082 3145 1222 3204 6611666
1241 3144 1268 3200 61

110 3233 187 3292 1116
211 3232 492 3307 interpretandi.
529 3231 632 3308 Longe
657 3231 716 3290 6116
741 3232 818 3290 6616
841 3231 957 3290 ratione
984 3236 1213 3292 consentaneum
1232 3231 1268 3290 est

111 3323 149 3380 ab
166 3321 286 3380 homine
297 3319 372 3397 Syro
388 3321 472 3379 reddi
484 3320 644 3379 iucundam
654 3321 807 3379 Plutarchi
822 3320 1040 3399 garrulitatem,
1056 3321 1117 3379 alia
1126 3322 1267 3382 dictionem

113 3411 196 3468 illam
222 3409 352 3467 ieiunam
376 3411 529 3485 totamque
556 3410 594 3468 61
617 3409 819 3485 praecipiendi
844 3409 990 3468 rationem
1017 3410 1183 3486 delapsam,
1208 3424 1268 3485 quae

114 3498 632 3558 161666166116661666161116116
657 3499 792 3574 offendit,
816 3498 876 3556 alia
898 3499 1034 3574 putidam
1058 3503 1089 3557 et
1113 3500 1268 3559 simulatam

115 3587 275 3646 'themistii
303 3589 495 3663 elegantiam,
525 3588 584 3645 6116
613 3587 810 3646 Demonicoae
838 3589 981 3647 orationis
1010 3588 1114 3647 stilum
1141 3604 1269 3664 pressum,

115 3677 279 3753 concisum,
304 3677 433 3736 1161666
457 3678 658 3753 elaboratum,
688 3680 721 3734 ut
744 3675 958 3737 66616666116
982 3678 1068 3754 quasi
1091 3677 1269 3738 1666666661

116 3766 200 3842 paria
219 3766 445 3841 responderent,
471 3767 531 3824 alia
550 3765 676 3841 deniqne
695 3765 904 3841 quaestionum
922 3766 1104 3825 naturalium
1126 3767 1188 3841 vel,
1204 3766 1270 3842 'quac

116 3857 154 3927 ad
167 3856 298 3933 primam
312 3854 532 3930 philosophiam
547 3856 726 3930 spectarent,
745 3855 967 3931 expositionem,
986 3855 1082 3932 qualis
1097 3859 1145 3915 est
1163 3857 1193 3915 in
1210 3855 1271 3914 libro

116 3947 152 4005 16
171 3945 292 4003 mundo.
330 3944 373 4002 Eo
392 3962 479 4002 nemo
504 3963 635 4020 unquam
658 3945 857 4020 interpretum
876 3944 1019 4020 Syrorum
1038 3963 1214 4020 progressus
1231 3945 1274 4013 est,

116 4039 160 4108 ut,
180 4053 255 4111 quae
273 4032 360 4093 nobis
380 4050 497 4091 summa
515 4033 731 4110 interpretandi
751 4035 817 4092 laus
836 4033 985 4106 videatur,
1004 4033 1173 4114 proprium,
1192 4037 1225 4094 ut
1239 4033 1275 4091 ita

115 4125 218 4200 dicam,
240 4122 368 4182 colorem
389 4120 541 4196 orationis,
564 4123 614 4199 qui
633 4127 712 4182 esset
730 4123 761 4181 in
780 4124 914 4198 exemplo
934 4123 993 4182 sibi
1006 4123 1170 4199 proposito,
1190 4122 1275 4201 patrio

118 4231 256 4271 sermone
275 4230 404 4288 aequare
424 4211 567 4270 studeret.
605 4211 684 4271 86116
703 4213 854 4272 16161661
872 4211 1058 4288 argumentis
1074 4215 1280 4290 sententiisque

117 4300 286 4377 peregrinis
302 4320 344 4377 eo,
365 4320 423 4377 quo
439 4300 564 4377 quisque
578 4301 623 4358 nti
639 4301 850 4379 consuevisset,
870 4301 1019 4361 scribendi
1032 4319 1144 4377 genere
1160 4303 1282 4381 Syriaco,

118 4409 206 4464 quam
228 4390 293 4449 fieri
316 4394 430 4468 posset,
455 4389 677 4450 accuratissime
700 4391 856 4466 expressis.
899 4391 947 4450 Ita
969 4391 1017 4468 fit,
1040 4393 1075 4450 61
1098 4392 1162 4452 1666
1187 4394 1283 4454 66166
