2744 5130
164 247 231 310 406
633 246 665 298 A.
679 243 861 299 Baumstarlr:

168 414 346 475 testimoniis
375 414 512 473 destituti
539 414 644 489 Sergio
667 412 820 472 versiones
851 413 1026 472 tribuendas
1049 432 1114 474 esse
1137 414 1268 489 probare
1288 433 1335 473 non

168 505 419 580 possumus,11isi
443 504 612 562 universo
636 502 822 561 scribendi
848 521 982 578 genere
1010 507 1045 561 et
1068 506 1148 562 arte
1167 503 1332 578 interpre-

167 594 281 668 tandi,
306 612 394 669 quae
413 593 448 650 in
467 592 545 650 illis
565 592 759 666 conspicua
779 595 876 669 sunt,
901 592 1112 651 accuratius
1131 592 1333 652 examinatis

168 690 205 741 et
231 701 307 740 cum
335 682 501 740 versione
524 681 611 740 libri
636 680 676 739 de
701 680 843 756 mundo,
868 699 956 756 quae
976 679 1154 757 Sergiana
1172 681 1251 740 sine
1268 699 1332 740 con-

169 770 353 830 troversia
385 774 452 841 est,
486 771 714 844 comparatis
761 768 856 837 Quam
885 771 1141 845 comparationem
1169 770 1332 843 nefrustra

169 861 324 920 videamur
346 859 526 931 instituisse,
551 876 626 935 opus
650 861 695 917 est
718 858 848 934 primum
872 859 1106 930 emendandis
1132 859 1259 919 verbis
1279 859 1289 917 i

171 969 251 1021 rum,
279 968 356 1024 quae
384 949 463 1007 inter
491 966 522 1006 se
552 948 747 1007 conferendae
776 952 860 1020 sunt,
888 948 1061 1007 versionum
1087 967 1212 1023 operam
1236 948 1331 1009 navari.

171 1038 305 1097 Primum
329 1038 423 1116 igitur
445 1056 499 1112 per
523 1037 642 1112 singula
668 1036 812 1112 quaedam
832 1034 1009 1096 mendorum
1028 1056 1155 1116 genera,
1179 1037 1331 1115 quaemihi

171 1127 203 1185 in
227 1127 325 1186 verbis
345 1126 474 1203 Syriacis
499 1127 676 1201 corrigenda
699 1144 765 1184 esse
784 1125 956 1203 videantur,
980 1145 1136 1203 exponam.
1174 1127 1222 1186 Ne
1239 1127 1332 1204 longus

173 1216 242 1274 liam
262 1216 370 1275 omitto
389 1234 438 1291 ea,
462 1234 538 1291 quae
558 1216 588 1273 in
606 1214 741 1275 versione
759 1214 931 1274 Aristotelis
951 1235 970 1275 a
987 1215 1136 1293 Rysselio,
1155 1217 1187 1274 in
1207 1215 1332 1277 versioni·

174 1306 230 1363 lius
249 1304 436 1378 Aristotelis,
455 1305 612 1381 isocratis,
631 1303 788 1362 Plutarchi
805 1304 865 1362 iam
884 1304 922 1362 ab
943 1305 1057 1364 editore
1075 1304 1228 1382 Lagardio
1247 1305 1330 1365 certis-

177 1394 253 1453 simo
272 1397 303 1452 et
321 1393 513 1470 segacissimo
532 1393 642 1452 iudicio
662 1395 794 1452 correcta
813 1396 892 1452 sunt.

265 1483 409 1559 Incipiam
428 1504 447 1542 a
464 1483 616 1541 leuissimo
635 1499 744 1558 genere
759 1483 943 1542 mendorum.
975 1482 1056 1541 Illud
1070 1485 1177 1558 procul
1191 1483 1278 1543 dubio
1289 1487 1332 1562 est,

174 1572 251 1649 quod
284 1572 415 1632 efficitur
447 1572 591 1649 punctis
624 1570 830 1630 diacriticis
864 1572 926 1632 sive
958 1591 1117 1648 perperam
1151 1573 1258 1649 positis
1283 1574 1331 1633 siva

176 1680 300 1738 prorsus
324 1662 450 1723 omissis.
488 1661 523 1719 ln
547 1678 606 1737 quo
630 1661 816 1736 agnoscendo
840 1660 912 1719 illuc
936 1660 1110 1737 saepissime
1134 1681 1182 1721 res
1203 1663 1287 1736 redit,
1306 1665 1331 1721 ut

175 1751 384 1826 inquirendum
412 1752 464 1823 sit,
493 1750 641 1828 quomodo
665 1768 800 1826 quaeque
823 1749 909 1809 verbi
927 1749 1032 1809 Graeci
1050 1754 1191 1827 tempora
1210 1753 1303 1812 modos

177 1840 324 1914 interpres
344 1839 457 1898 imitari
476 1831 672 1898 consueverit.
706 1837 811 1897 Liceat
829 1839 924 1915 igitur
942 1839 972 1897 in
986 1840 1140 1899 erroribus
1155 1841 1220 1900 eius
1233 1839 1330 1917 generis

178 1928 360 2004 corrigendis
386 1929 423 1986 ad
451 1947 486 1986 ea
509 1927 657 2003 relegare,
686 1946 763 2004 quae
787 1931 894 2004 postea
920 1929 956 1988 de
981 1929 1171 2004 temporibus
1197 1930 1330 2006 modisque

179 2016 299 2076 Graecis
319 2016 440 2094 Syriaco
460 2017 607 2093 expressis
626 2016 774 2092 copiosius
793 2017 898 2075 dicam.
936 2016 1131 2077 Scribendum
1151 2023 1199 2079 est
1216 2020 1301 2096 igitur

268 2168 393 2227 Aristot.
415 2167 451 2224 de
475 2165 575 2224 mund.
604 2167 640 2225 A.
659 2164 687 2226 S.
704 2167 815 2240 136,9
840 2149 893 2233 A&
916 2186 971 2244 pro
994 2155 1047 2233 Ab>
1070 2186 1139 2228 cum
1162 2169 1194 2227 in
1217 2167 1336 2244 exemplo

178 2301 292 2361 Graeco
313 2299 353 2360 sit
370 2298 561 2377 participium
581 2290 818 2378 praesentis263),

266 2417 302 2476 A.
323 2417 349 2474 s.
373 2419 444 2489 146,
462 2419 500 2476 16
526 2405 583 2532 ¹3³⁰
602 2434 656 2490 pro
675 2403 733 2531 ¹3³⁰
750 2419 781 2474 ec
796 2419 835 2474 21
853 2436 908 2491 pro
923 2406 991 2534 hp,
1012 2436 1079 2476 cum
1094 2417 1248 2493 optativus
1261 2410 1338 2477 erae·

179 2587 231 2626 cus
250 2587 403 2643 nunquam
422 2567 555 2643 perfecto
575 2542 697 2641 Syriaco
716 2557 928 2647 reddatur264),

268 2684 302 2742 A.
322 2683 351 2741 S.
373 2685 444 2759 155,
461 2685 501 2741 25
521 2691 581 2752 ,οι
601 2702 653 2756 pro
673 2690 749 2766 ια,

270 2823 306 2883 Α.
326 2824 354 2883 S.
377 2826 448 2896 155,
466 2825 505 2882 29
532 2821 588 2912 agis
614 2843 666 2898 pro
691 2820 763 2907 λέν,
798 2843 865 2882 cum
898 2828 1027 2899 utroque
1059 2824 1124 2884 loco
1157 2826 1189 2883 in
1220 2818 1336 2900 exemplo

181 2959 277 3016 Graec
297 2957 338 3015 eit
355 2945 555 3034 aoristus255),
582 3039 585 3044 .

267 3072 304 3130 A.
324 3071 353 3129 S.
373 3071 445 3146 158,
462 3072 479 3129 7
500 3077 567 3138 ’.Ἃ
585 3091 639 3147 pro
658 3077 742 3169 32¹,
769 3090 845 3148 quae
870 3072 1037 3132 emendatio
1061 3073 1122 3148 vel,
1150 3075 1185 3131 ut
1204 3071 1339 3134 sententia

180 3205 265 3266 salva
283 3205 332 3281 sic,
350 3203 514 3282 flagitatur,

268 3338 304 3397 A.
324 3337 352 3396 S.
374 3339 446 3414 158,
463 3339 502 3396 16
527 3321 565 3413 123
583 3356 637 3412 pro
658 3321 713 3414 123,
740 3355 807 3394 cum
830 3335 861 3393 in
885 3336 1019 3412 exemplo
1040 3304 1155 3396 Graeco
1178 3337 1220 3397 sit
1238 3302 1349 3415 partici-¹

180 3439 261 3514 pium
281 3435 457 3512 praesentis,

269 3569 359 3627 Isocr.
373 3567 410 3626 ad
425 3567 551 3626 Demon.
574 3566 610 3625 A.
626 3566 653 3626 S.
672 3549 773 3643 169‚9
794 3573 945 3666 &pro
965 3574 1071 3666 Q,
1092 3586 1160 3626 cum
1175 3570 1208 3628 in
1222 3570 1344 3647 exemplo

182 3700 295 3759 Graeco
314 3699 446 3758 aoristus
466 3689 572 3778 sitm),

270 3830 307 3891 A.
326 3831 355 3890 S.
374 3832 445 3908 175,
461 3834 479 3890 6
502 3810 600 3888 „239
619 3849 674 3906 pro
693 3830 803 3909 «ΔΞ,
831 3849 898 3889 cum
921 3830 954 3890 in
977 3832 1113 3908 exemplo
1137 3832 1257 3895 Graeco
1276 3851 1347 3911 prac-

181 3949 248 3990 sens
268 3922 377 4011 sitm),
852 3920 856 3931 ⁴

270 4062 342 4122 Luc.
362 4062 397 4120 de
417 4063 471 4120 cal.
490 4061 514 4121 I.
530 4060 558 4120 S.
576 4065 658 4140 15‚1
680 4047 747 4133 loos
773 4079 872 4170 a<
890 4083 944 4138 pro
962 4047 1030 4133 Ιοοι
1056 4080 1171 4168 ος,

269 4203 293 4263 Ι.
310 4203 338 4263 S.
351 4205 431 4281 15,4
450 4186 517 4273 1005
544 4186 597 4273 hb
620 4225 674 4280 pro
700 4188 766 4274 loo)
792 4187 862 4297 119,
894 4224 962 4265 cum
986 4207 1153 4283 perfectum
1178 4209 1268 4269 verbi
1293 4192 1349 4280 1001

182 4335 408 4505 cirm26p3rlecto
438 4336 572 4395 iunctum
600 4355 659 4396 non
686 4339 744 4398 nisi
770 4338 1065 4416 plusquamperfecto
1090 4337 1206 4401 Graeco
1234 4361 1352 4418 respon-

183 4423 253 4482 deat
314 4469 320 4500 ,
