2744 5130
98 212 165 275 454
567 212 602 265 Α.
616 212 796 266 Baumstark:

101 376 267 458 apographi
286 379 392 456 asyro
407 379 573 455 interprete
593 379 719 438 adhibiti
738 398 801 439 esse
820 379 945 457 possint,
964 381 1115 457 quoniam,
1135 381 1162 439 si
1175 398 1270 440 verum

101 471 210 545 sentio,
238 468 352 545 aliquid
380 468 527 545 propioris
556 468 712 528 affinitatis
740 468 924 529 intercedere
951 470 1074 529 videtur
1099 469 1181 528 inter
1203 468 1267 528 illud

102 560 305 635 apographum
337 563 368 616 et
395 557 538 635 priorem,
570 577 660 634 quam
687 557 908 636 Rothsteiniue,
941 558 1112 635 constituit,
1145 557 1264 618 eodienm

103 648 293 724 Graecorum,
313 646 364 723 qui
383 648 513 705 aetatem
531 647 675 724 tulerunt,
695 647 849 705 familiam,

192 736 250 795 Sed
275 737 313 794 ad
336 735 431 811 ipsius
455 736 658 811 apographi
683 735 850 812 Sergiani
874 738 1032 795 aetatem
1060 739 1097 796 et
1122 735 1258 797 indolem

104 826 273 886 aoeuratius
299 824 497 884 definiendam
520 844 567 883 me
591 827 770 884 convertam.
807 824 911 900 Ipsum
935 825 1068 885 codicem
1085 825 1199 885 laesum
1219 829 1257 888 aut

105 916 312 976 oblitteratam
334 932 369 972 ex
387 915 473 988 parte
493 914 671 989 scripturam
690 913 787 990 Sergii
809 914 994 989 temporibus
1011 914 1122 993 fuisse,
1144 913 1174 972 id
1195 916 1254 992 qnod
1288 930 1295 938 ·

106 1005 243 1079 exemplo
265 1002 407 1061 orationis
426 1001 623 1061 Demoniueae
642 1003 679 1060 ab
699 1003 862 1078 interprete
886 992 1021 1063 adhibito
1042 1003 1183 1064 aeoidisse
1198 1002 1254 1064 ridi-

105 1113 186 1169 mus,
212 1092 297 1150 nulla
320 1093 403 1167 sunt,
428 1110 505 1166 quae
528 1091 671 1167 indicent,
697 1091 832 1169 vestigia.
869 1090 974 1170 Neque
998 1093 1094 1168 igitur
1118 1096 1175 1171 est,
1195 1092 1255 1168 quod

107 1183 203 1242 multo
232 1183 302 1239 ante
329 1182 459 1239 aetatem
488 1178 584 1258 Sergii
613 1182 780 1255 exemplum
809 1183 963 1240 exaratum
991 1199 1057 1241 esse
1086 1181 1255 1258 suspicemur.

108 1272 203 1331 Immo
222 1268 287 1328 fieri
305 1271 413 1344 potest,
432 1272 474 1343 ut,
494 1287 674 1346 quamquam
688 1269 839 1329 affirmare
856 1269 887 1328 id
900 1271 1022 1329 minime
1035 1271 1143 1348 ausim,
1161 1270 1254 1345 abipso

112 1358 216 1436 Sergio
237 1377 324 1418 snum
338 1358 369 1416 in
383 1376 470 1417 usum
485 1375 521 1416 ex
535 1359 700 1419 vetustiore
715 1359 813 1418 codiee
827 1360 1059 1435 transsumptum
1074 1359 1173 1418 frent.
1201 1359 1256 1417 Erat

111 1449 190 1510 enim
210 1447 273 1507 sine
292 1446 494 1507 controversia
517 1448 760 1524 apographum
780 1447 924 1522 privato
943 1448 1027 1508 usui
1045 1447 1256 1523 destinatum,

109 1557 177 1597 non
198 1536 397 1612 exemplum
416 1536 452 1594 in
470 1536 652 1611 publIoum
672 1535 815 1595 editum.
848 1536 952 1613 Neque
967 1537 1047 1596 enim
1061 1537 1188 1614 plurima
1199 1554 1255 1613 quae
1293 1552 1295 1557 ·

107 1627 150 1686 ibi
177 1625 295 1686 obviam
319 1625 412 1684 firisse
436 1628 571 1701 apparet,
599 1625 673 1684 vitia
697 1625 839 1685 ineruditi
867 1625 992 1686 alieuius
1020 1626 1138 1686 librarii
1159 1643 1256 1684 manum

112 1716 240 1791 sapiunt,
260 1715 311 1773 sed
331 1713 405 1773 satis
424 1714 543 1789 eruditi,
561 1716 668 1774 utnon
683 1714 779 1774 dioam
794 1714 1024 1792 doetihominis,
1044 1717 1096 1792 qui
1114 1714 1256 1789 exemptum

111 1805 169 1863 sibi
194 1802 380 1879 propositum
403 1803 493 1877 paulo
516 1804 725 1879 properantius
749 1806 780 1862 et
802 1804 1010 1879 neglegentius
1035 1802 1255 1878 transscripserit,

110 1892 207 1953 veluti
234 1895 419 1967 peceatum
447 1892 524 1950 erat
553 1892 742 1952 verborum
776 1895 884 1968 atque
917 1894 1027 1952 etiarn
1057 1894 1256 1970 integrarum

111 1980 377 2040 sententiarum
395 1981 733 2058 praetermissione,
752 1981 868 2040 omissis

203 2070 230 2128 X
249 2070 324 2143 425,
340 2071 358 2128 6
379 2063 521 2142 ἀτεχνῶ(
541 2061 703 2147 εὐθόεθῑῗλ,

201 2157 260 2216 XII
279 2159 352 2234 425,
369 2161 408 2216 27
430 2149 598 2239 μόνονθῑῦ),

201 2246 261 2306 XII
280 2248 354 2318 425,
369 2248 409 2305 29
430 2247 476 2325 τῷ
496 2243 617 2326 πλη(ίῳ
636 2243 733 2308 οὐδὲν
751 2247 938 2321 κακουργῶν
957 2240 1012 2329 (of.
1031 2268 1059 2323 p.
1079 2240 1216 2328 463)⁶1⁹)‚

201 2336 260 2394 XII
279 2336 354 2411 425,
370 2337 408 2394 31
430 2332 465 2395 ἐκ
483 2336 542 2394 τοῦ
561 2328 745 2416 aaronem),

200 2425 258 2483 XII
279 2426 353 2494 425,
368 2426 409 2484 35
430 2416 609 2503 aestuabo,

203 2512 262 2572 XII
280 2514 354 2586 425,
370 2515 411 2573 36
431 2505 683 2594 ἀφύλακτοϋῃ),
1276 2572 1279 2577 .

201 2601 273 2660 XIV
292 2604 370 2678 426,
391 2604 432 2662 10
447 2621 469 2660 s.
499 2598 550 2660 καὶ
573 2596 659 2662 ὅλαι(
686 2598 832 2676 ἐρωτικαί
860 2619 943 2663 τινε(
968 2600 1019 2663 καὶ
1043 2601 1179 2678 μοιχικαὶ
1198 2596 1257 2676 πρὸ(

115 2686 215 2751 αὐτὸν
234 2686 266 2749 αἱ
286 2681 500 2769 διαβολαίθῗθ),

204 2778 275 2837 XIV
295 2780 425 2855 42516
446 2773 581 2838 ἀκούω(
600 2771 760 2862 eoadem),

203 2867 432 3036 ξξξ)427,34α
452 2866 617 2942 (υγγενή(,
637 2867 759 2943 μᾶλλον
779 2865 813 2928 δὲ
833 2863 959 2946 ἀδελφή
978 2887 1025 2929 τι(
1050 2865 1128 2930 orico
1147 2870 1198 2945 τῆ(
1210 2869 1256 2927 δια-

117 2957 212 3032 poth(
273 3002 280 3033 ι

203 3045 258 3103 XX
277 3046 351 3122 427,
367 3046 408 3103 37
420 3064 443 3103 s.
469 3046 524 3119 τῆ(
550 3039 716 3106 κολακεία(
740 3050 771 3106 et
790 3044 841 3107 καὶ
859 3047 960 3107 ταῦτα
978 3043 1210 3123 ὑπορυττού(η(
1224 3037 1259 3104 καὶ

116 3131 192 3194 τοὺ(
213 3130 377 3209 θεμελίου(
396 3126 660 3217 ὑφαιρού(η(626),

206 3223 276 3282 xxi
296 3224 369 3298 aas,
386 3227 404 3283 7
424 3215 593 3301 ἡοέωεθῖ),
617 3254 621 3261 -

206 3312 288 3370 XXX
307 3314 382 3385 429,
398 3314 438 3372 37
451 3331 473 3372 s.
492 3312 560 3372 τοῖ(
580 3308 673 3373 πάθει
692 3305 1023 3396 προειλημμένοιΰῗῧ),

207 3400 306 3459 ΧΧΧΙ
325 3403 458 3476 430,10
477 3394 642 3461 ἀποδόντα
660 3398 712 3461 καὶ
730 3402 776 3482 τῷ
796 3398 1000 3477 διαβάλλοντι
1018 3399 1078 3464 τὸν
1092 3388 1260 3478 φθόνονωθ),

207 3489 331 3549 verbis
349 3509 537 3565 perperam
556 3492 795 3567 transpositis

206 3578 221 3635 Ι
241 3580 318 3656 421,
339 3581 379 3638 29
398 3597 436 3640 ss.
460 3580 521 3639 lbb.
542 3579 608 3637 Grr.
634 3576 671 3638 τό
696 3577 753 3653 μὲν
777 3577 911 3655 πλήειον
935 3576 986 3640 καὶ
1010 3576 1097 3655 παρὰ
1120 3575 1214 3640 πόδα(
1232 3604 1260 3616 -

118 3699 160 3709 -
182 3699 220 3708 -—
243 3663 287 3726 ιδ(
306 3664 464 3741 ἐνοχλοῦν
501 3667 521 3726 S
545 3664 583 3727 τό
601 3665 659 3742 μὲν
677 3665 766 3742 παρὰ
784 3665 886 3729 πόδα(
905 3701 949 3711 -
966 3701 1011 3712 -
1030 3700 1072 3711 -
1092 3664 1138 3729 ὡ(
1155 3665 1261 3743 πλήαον

117 3753 168 3817 καὶ
187 3748 414 3836 ἐνοχλοθνθῧθ),

207 3845 506 3920 1422548155.
522 3845 588 3904 Grr.
612 3839 672 3919 ὑφ’
692 3838 738 3905 ὧν
756 3843 816 3920 ἤδη
837 3843 888 3906 καὶ
902 3842 1039 3908 οἶκοι-
1059 3880 1097 3889 -
1115 3835 1263 3907 -πολλαὶ

118 3932 153 3994 δὲ
178 3929 355 4104 καὶδῧοῇιλίαι
392 3932 412 3991 S
435 3927 497 4008 ὑφ’
520 3928 567 3993 ὧν
589 3931 649 4010 ἤδη
674 3932 791 3995 πολλοὶ
814 3933 849 3995 δὲ
873 3933 923 3995 καὶ
947 3931 1090 3997 οἶκοι-
1115 3970 1152 3979 -
1172 3925 1265 3993 -καὶ

120 4019 221 4099 φιλίαι
257 4017 290 4098 ¹,

209 4112 339 4189 21423,
356 4113 431 4170 215.
452 4111 511 4170 lbb.
533 4109 598 4172 Grr.
618 4106 685 4189 όρῳ
705 4108 765 4171 τινὶ
786 4107 1041 4187 περιγράψαντε(
1061 4109 1176 4191 αὐτήν·
1203 4107 1269 4175 einr
1293 4108 1295 4139 ⁵

119 4197 180 4275 γὰρ
200 4196 239 4261 ἂν
258 4198 332 4274 ἡμῖν
350 4196 369 4274 ἡ
391 4196 485 4261 εἰκὼν
504 4198 632 4272 γένοιτο
652 4199 855 4275 φανεροτέρα
888 4201 907 4259 S
932 4199 1017 4263 οὕτω
1038 4199 1101 4279 γὰρ
1122 4200 1162 4266 ἂν
1180 4195 1272 4280 ἡμῖνλ

120 4286 214 4350 εἰκὼν
233 4287 360 4361 γένοιτο
380 4286 583 4364 φανεροτέρα
602 4285 669 4368 όρῳ
688 4305 748 4349 τινι
768 4283 1057 4374 περιγράψα(ιν(3)
1078 4285 1242 4376 αὐτήνΰθ),

208 4378 283 4436 VIII
302 4380 376 4456 424,
397 4381 415 4437 8
438 4379 498 4438 lbb.
519 4378 584 4438 Grr.
604 4376 740 4453 θατέρου
761 4376 876 4455 χείρων
895 4378 914 4455 ἢ
935 4374 1075 4455 ἀμείνων
1113 4383 1135 4444 Β
1159 4380 1279 4458 θατέρου
