2766 5130
428 275 648 331 Lucubrationes
668 275 882 345 Syro-Graecae.
1174 274 1237 340 481

61 443 163 520 magni
189 443 359 503 aestimeris
382 444 420 502 ab
445 463 492 519 eo,
521 445 576 503 filii
600 443 664 503 eius
686 443 743 503 tibi
766 443 943 518 significant.
985 442 1016 502 Si
1040 446 1163 518 aspectu
1186 447 1238 503 tuo

48 533 321 611 delectaberunt,
341 532 458 592 affirma
476 534 604 592 amicum
625 537 712 592 tuum
730 535 761 591 te
780 551 881 592 amare
901 536 930 591 et
950 536 980 591 te
1000 533 1037 591 ab
1057 532 1122 609 ipso
1136 533 1238 610 magni

22 683 27 691 ,
62 622 225 682 aestimari.
263 621 296 681 Si
314 640 416 682 coram
433 625 464 682 te
482 623 593 681 hilares
611 640 672 682 non
691 624 775 698 sunt,
798 639 836 681 ne
853 622 917 697 ipse
937 621 1057 700 quidem
1076 621 1189 681 amicus
1208 625 1239 680 te

62 711 162 772 videre
184 711 306 788 gaudet.
343 712 409 784 Exi,
428 711 479 770 abi
498 712 619 772 domum
637 708 750 770 tuam.“

28 862 29 867 ,
150 803 204 861 60.
227 799 417 876 „Admodum
435 802 562 860 honorat
580 801 728 877 ingenuus
744 800 863 860 domum
878 799 1071 859 matrissuae
1089 804 1121 860 et
1134 819 1238 860 servae

10 878 29 915 ³²
61 889 137 950 iilius
159 890 284 950 domum
302 891 346 949 eri
365 885 429 949 sui“
449 882 506 972 (ει
522 908 616 967 aeque
634 891 782 967 ingenuus
801 893 891 965 atque
911 882 1038 970 servus).

10 1050 21 1062 Ι,
150 981 203 1039 61.
227 977 279 1056 „Si
295 979 407 1057 videris
420 979 524 1056 ¹virum
542 979 688 1055 nobilem,
710 979 763 1054 qui
780 978 891 1038 honora
911 980 1032 1053 excidit,
1055 979 1150 1039 nolito
1170 999 1238 1038 eum

10 1076 14 1093 ¹
58 1069 173 1128 iniuria
192 1067 312 1128 afficere
331 1068 383 1128 sed
402 1068 478 1127 bene
497 1063 553 1147 (=
569 1060 689 1148 καλώε)
709 1087 777 1127 eum
796 1068 909 1126 honora
928 1071 959 1127 et
973 1069 1011 1126 da
1026 1068 1062 1144 ei,
1081 1067 1161 1145 quod
1175 1088 1239 1126 ma-

56 1177 114 1217 nus
129 1160 189 1216 tua
203 1157 276 1215 dare
289 1157 408 1234 poterit.
440 1157 538 1216 Multa
553 1160 599 1216 est
613 1157 691 1216 enim
705 1156 832 1232 iustitia,
851 1176 941 1233 quam
957 1176 1083 1232 exerces,
1102 1176 1170 1216 cum
1185 1158 1238 1217 das

54 1247 138 1324 vir0,
163 1246 218 1322 qui
236 1245 349 1307 divitiis
369 1246 431 1306 suis
452 1246 612 1306 ethonore
631 1264 684 1305 suc
704 1245 826 1321 excidit3
846 1245 961 1321 siquid
980 1245 1039 1305 tibi
1057 1246 1125 1324 erit,
1144 1248 1181 1305 da
1200 1252 1238 1322 et,

52 1337 79 1396 si
102 1356 168 1396 non
188 1335 247 1394 erit
264 1354 361 1413 neque
379 1336 465 1395 dabis
484 1327 542 1417 (=
557 1329 637 1394 ὥετε
657 1332 696 1408 μὴ
716 1354 740 1394 5.
754 1331 829 1411 int),
849 1338 945 1393 tracta
965 1353 1033 1392 cum
1052 1336 1239 1395 sermonibus

53 1424 146 1486 bonis
163 1428 195 1483 et
209 1424 326 1484 lenibus
341 1427 371 1483 et
385 1423 483 1484 dicei:
505 1424 596 1501 „Noli
609 1420 732 1482 timere“
747 1427 790 1483 et:
808 1423 907 1500 „Deus
923 1424 998 1482 bene
1013 1425 1049 1483 de
1060 1427 1089 1482 te
1101 1421 1239 1485 sentiat.“

151 1515 205 1573 62.
228 1512 295 1590 „Ab
314 1513 465 1573 adulterio
484 1515 560 1573 bene
578 1516 609 1572 te
629 1505 759 1572 cohibe.“

151 1600 238 1663 Ocnf.
256 1601 370 1679 Euphr.
389 1603 503 1679 frg.12
528 1605 559 1661 55
582 1604 746 1660 extremam
765 1601 892 1660 militem
911 1602 1077 1677 gloriosum
1096 1603 1238 1661 fabulam.

152 1693 205 1751 63.
228 1687 315 1769 ,[85]
336 1709 428 1767 quare
447 1693 491 1752 vis
510 1709 624 1750 merces
641 1693 745 1767 turpes
761 1697 792 1750 et
805 1690 971 1767 flagitiosas
986 1711 1092 1765 emere,
1112 1711 1238 1767 quarum

49 1781 181 1841 initium
199 1780 260 1842 vile
279 1783 311 1840 55
330 1782 498 1859 obscenum,
516 1781 584 1840 finis
597 1781 735 1839 funestus
751 1775 814 1839 est“
829 1772 876 1862 (in
889 1781 953 1840 cod.
967 1799 1020 1839 ms.
1037 1783 1084 1839 555
1098 1780 1236 1855 „initium

50 1871 225 1946 funestum,
234 1868 302 1929 finis
310 1869 379 1931 vilis
391 1874 421 1930 et
431 1871 578 1930 obscenus
589 1864 666 1942 est“,
677 1871 754 1945 quod
764 1888 871 1945 parum
879 1872 926 1928 555
936 1870 1102 1929 sententiae
1112 1864 1239 1951 aptum).

149 1960 203 2019 64.
226 1959 352 2035 „Erecto
376 1960 452 2020 collo
475 1959 606 2036 incedes,
632 1958 782 2034 probitate
804 1958 901 2018 fretus
927 1963 957 2018 et
981 1962 1082 2018 mente
1107 1964 1161 2019 tua
1183 1980 1237 2035 pu-

53 2042 234 2109 (11555555.ιι

152 2139 204 2198 65.
228 2137 397 2214 „Memento
416 2141 448 2197 et
469 2137 551 2198 vide:
571 2157 660 2213 quem
678 2136 855 2196 admodum
874 2140 910 2196 tu
928 2156 988 2195 non
1007 2139 1154 2214 gauderes
1174 2159 1238 2196 mu-

53 2229 167 2288 lierem
187 2230 272 2286 tuam
290 2228 329 2286 ab
349 2228 408 2287 alio
426 2228 491 2288 viro
510 2226 688 2304 adulterari,
712 2226 756 2286 ita
774 2245 811 2285 55
829 2230 864 2286 55
882 2227 1002 2302 quidem
1021 2228 1152 2287 volueris
1173 2246 1237 2285 mu·

54 2318 166 2377 lierem
184 2315 258 2377 socii
276 2315 323 2375 tui
341 2311 539 2376 adulterare.“

151 2407 202 2466 66.
227 2404 278 2482 ,si
296 2405 428 2464 nolueris
446 2405 553 2481 perire,
572 2405 635 2464 noli
653 2399 775 2463 furari.“

148 2494 292 2577 Fortasse
310 2494 402 2556 verba
421 2498 507 2554 erant
526 2495 664 2568 alicuius,
684 2495 737 2570 qui
755 2512 858 2570 coquo,
876 2511 965 2569 quem
984 2495 1070 2553 modo
1090 2494 1236 2554 conduxe-

56 2588 117 2657 rat,
135 2582 318 2644 minabatur.
356 2582 441 2643 Ocni.
459 2583 557 2645 Plant.
576 2582 715 2643 Pseudul.
735 2603 762 2643 v.
779 2584 841 2643 855
858 2601 880 2641 s.
896 2601 928 2659 5.,
948 2585 1011 2642 885
1028 2603 1051 2643 5.
1066 2601 1088 2643 s.

152 2675 201 2733 67.
224 2671 393 2749 „Quidquid
412 2672 469 2732 tibi
488 2672 624 2732 odiosum
648 2675 701 2747 est,
720 2673 751 2731 id
771 2671 850 2732 socio
870 2675 922 2731 tuo
942 2673 1039 2731 facere
1057 2669 1147 2733 noli.“

152 2763 202 2822 68.
226 2762 315 2837 „Noli
335 2763 414 2821 altus
432 2762 577 2836 incedere,
596 2781 635 2821 55
654 2762 731 2820 male
750 2756 889 2820 habeas.“

152 2852 202 2910 69.
225 2847 312 2927 ,[115]
332 2851 359 2911 51
376 2850 532 2927 impudens
551 2852 652 2928 fueris,
671 2851 826 2910 5555555
845 2846 997 2910 habebis.“

152 2941 202 2999 70.
226 2939 439 3015 „Venatoriam
458 2943 554 3000 artem
573 2941 669 3000 discas
685 2946 764 3000 5555
779 2939 878 2999 taedio
895 2940 976 3000 vitae
991 2942 1021 3000 55
1036 2941 1115 3000 affici
1129 2959 1236 3017 passus

61 3030 100 3089 sis
118 3020 178 3110 (τε
193 3023 274 3089 circae
293 3026 333 3104 μὴ
353 3048 377 3090 a.
395 3021 472 3109 int),
496 3031 575 3106 quod
594 3032 618 3090 si
637 3030 703 3089 fieri
721 3049 828 3105 passus
852 3030 923 3103 eris,
944 3049 979 3088 55
997 3049 1073 3107 quae
1092 3051 1151 3090 non
1169 3051 1235 3107 per-

63 3118 181 3192 dideris,
201 3118 380 3195 deplorabis,
400 3138 496 3195 neque
515 3119 674 3195 quicquam
692 3119 810 3195 pulchri
827 3112 987 3178 iuvenies.“

10 3206 13 3212 “
149 3206 332 3268 Adolescens
356 3210 438 3267 totus
457 3208 614 3272 venationi¹
628 3207 745 3266 deditus
765 3208 894 3266 amicum
913 3225 1013 3266 amore
1032 3208 1149 3266 tristem
1169 3227 1236 3268 con-

10 3309 19 3332 ²
64 3295 152 3356 solari
174 3295 295 3356 videtur
317 3300 348 3356 55
365 3316 497 3370 monere,
520 3301 556 3355 ut
573 3297 672 3355 missis
692 3315 791 3355 amore
811 3299 842 3354 55
861 3313 1004 3355 aerumna
1022 3315 1144 3356 suorum
1163 3317 1235 3372 gau·

11 3386 23 3422 ³
65 3385 178 3444 dicrum
199 3386 349 3463 particeps
368 3385 429 3445 fiat.
448 3417 493 3428 -
513 3382 686 3460 Κυνηγέται
704 3387 777 3444 5555
794 3385 1014 3444 Anaxandridis
1032 3386 1149 3445 mediae
1169 3377 1234 3462 qui-

10 3472 27 3511 '·³
67 3474 129 3534 dem
149 3475 320 3535 comoediae
339 3475 500 3551 scriptoris.

153 3566 204 3624 71.
231 3564 361 3641 „Regem
388 3564 504 3625 nobiles
527 3564 591 3624 eius
614 3564 764 3624 honorant
786 3567 817 3623 et
840 3564 910 3623 deos
935 3565 1104 3624 sacerdotes
1129 3584 1230 3624 eorum

50 3708 54 3715 ,
70 3648 285 3714 contemnunt.“

10 3741 34 3775 ²⁵
152 3744 204 3803 72.
226 3741 290 3819 „Ne
308 3742 504 3803 inebriaveris
524 3743 716 3821 sacerdotem,
735 3743 788 3822 qui
806 3744 876 3803 deos
897 3760 966 3802 suos
985 3743 1177 3803 contemnit.“

26 3846 37 3862 ··
150 3831 307 3907 Scriptura
325 3830 448 3908 Syriaca
465 3833 580 3892 ineerta
599 3834 653 3893 est.

153 3922 204 3981 73.
227 3965 243 3997 „
251 3915 320 3998 [Et]
349 3921 374 3980 51
399 3922 519 3982 domum
542 3925 627 3982 tuam
649 3921 824 3982 invitaveris
848 3923 1032 3981 sacerdotem
1055 3920 1235 3999 improbum,

20 4002 39 4042 f·
67 4009 131 4070 dum
149 4009 346 4087 ingredietur,
365 4010 441 4069 bene
459 4010 515 4070 tibi
534 4012 626 4085 dicet,
646 4015 689 4088 et,
708 4013 780 4069 dum
799 4011 890 4088 exiet,
913 4011 1126 4087 murmurabit,
1146 4018 1189 4088 et,
1210 4017 1236 4073 si

10 4095 39 4135 ²*
63 4117 168 4175 panem
189 4101 258 4158 ante
278 4118 346 4158 eum
365 4100 510 4176 posueris,
528 4101 624 4160 altera
643 4119 749 4159 manus
765 4099 828 4159 eius
843 4100 887 4160 ori
900 4100 1118 4176 admovebitur,
1137 4103 1235 4163 altera

28 4261 33 4271 ¹
60 4207 168 4266 panem
188 4187 332 4263 surripiet
350 4192 381 4246 et
398 4192 491 4263 ponet
509 4189 541 4248 in
559 4208 632 4265 pera
650 4190 722 4262 eius,
741 4192 777 4248 ut
795 4189 914 4247 auferat
932 4189 1034 4248 liberis
1054 4186 1143 4248 suis.“

11 4272 18 4279 ’
148 4281 168 4338 7
174 4280 202 4337 4.
226 4277 342 4354 „Multo
356 4278 454 4354 magis
469 4297 537 4338 ama
551 4298 662 4353 canem,
682 4297 772 4353 quam
786 4278 979 4337 sacerdotem.
1013 4276 1141 4337 Sicanis
1155 4300 1233 4356 pane

11 4440 19 4451 ,
54 4367 261 4431 abundaverit
282 4366 314 4424 in
337 4368 424 4427 domo
444 4369 510 4443 tua,
533 4386 600 4426 eum
619 4366 781 4445 relinquet3
805 4367 832 4426 si
851 4366 985 4425 sacerdos
1005 4385 1082 4441 pane
1102 4369 1234 4429 abunda·

10 4454 18 4479 ²
53 4459 144 4535 verit,
164 4455 271 4516 liberis
291 4455 353 4515 suis
371 4456 489 4515 auferet
509 4459 539 4516 et
558 4457 637 4516 ultro
657 4450 883 4516 5555555515.ιι

105 4566 194 4611 Jahrb.
209 4565 225 4605 f.
239 4565 308 4606 elasa.
321 4565 404 4606 Philol.
433 4565 511 4616 suppl.
525 4566 566 4605 Bd.
580 4565 646 4604 XXI.
986 4559 1019 4608 31
