2744 5130
469 211 689 266 Lucubrationes
709 211 923 280 Syro-Graecae.
1216 212 1280 278 389

195 380 295 460 155515
313 381 341 440 X
359 382 412 458 153
432 379 466 440 G.
482 380 510 439 S.
524 379 600 439 XIII
615 383 670 457 653
691 379 725 442 G.
742 379 776 440 G.
791 380 846 438 XX
861 383 878 439 2
900 383 930 439 et
949 384 969 439 4
993 381 1048 458 555,
1073 384 1107 440 65
1124 385 1281 458 665555655

86 469 220 531 ¹lrabeat
239 469 338 529 Arabs
358 470 502 545 quaedam
523 489 539 528 e
559 469 689 529 Sotionis
708 469 794 529 libris
814 472 941 544 sumpta.

86 566 90 581 '
196 559 333 635 Denique
341 558 478 635 ,6166565
492 577 536 635 ea,
551 578 627 634 quae
642 559 679 618 de
693 558 882 617 insitionibus
898 559 1037 617 arborum
1053 559 1173 619 exhibet
1183 560 1280 638 Xosta

107 648 254 725 capitibus
274 647 300 704 V
317 650 369 723 21,
390 650 440 721 27,
461 649 511 724 33,
531 650 583 725 43,
604 649 655 726 51,
676 650 725 720 53,
742 648 793 724 55,
813 648 864 718 57,
881 649 931 722 60,
948 649 1003 722 64,
1024 650 1074 721 67,
1090 651 1141 722 69,
1157 652 1207 724 70,
1227 652 1278 725 76,

110 755 290 815 66566656
313 756 374 796 666
395 737 509 812 656555,
536 737 626 795 65565
650 742 730 796 55655
759 738 790 794 55
811 737 978 811 6655556555
1005 738 1184 797 conveniunt
1211 757 1277 796 cum

114 826 221 887 Pallad.
236 825 310 885 XIV
328 817 381 906 (ad
393 824 590 902 ‘Pasiphilum
609 825 646 884 de
664 817 819 906 insitione)
836 843 894 885 655.
911 826 1073 902 55-116,
1094 828 1277 902 119-142,

198 1004 416 1062 Multum'sane
435 1003 530 1082 55555,
549 1007 584 1064 65
601 1004 632 1062 56
652 1004 789 1063 5665565
808 1005 946 1062 accurate
960 1001 1057 1080 155555
1074 1007 1128 1063 565
1145 1023 1213 1062 566
1231 1024 1275 1063 re·

121 1093 244 1153 cendone
262 1091 378 1152 Graeca
396 1094 449 1152 aut
467 1111 533 1152 566
553 1092 684 1170 Syriaca,
706 1112 742 1151 ne
762 1091 857 1151 dicam
875 1110 944 1150 cum
962 1091 1097 1152 Palladio
1117 1093 1276 1169 conspiret.

124 1182 202 1242 1666
220 1181 402 1258 6556555565
420 1201 475 1256 665
494 1185 560 1240 6555
578 1186 664 1257 65655
683 1182 782 1256 capita
801 1184 883 1255 5665,
908 1181 945 1239 65
965 1182 1072 1257 quibus
1095 1183 1133 1240 ad
1152 1183 1275 1241 verbum

125 1270 232 1349 Xoslam
260 1271 342 1330 inter
370 1274 401 1330 55
428 1270 596 1346 Geoponioa
625 1269 737 1330 Graeca
769 1271 823 1328 565
848 1269 1014 1330 versionem
1042 1270 1195 1346 Syriacam
1222 1275 1276 1331 aut

124 1359 272 1419 Pollidium
296 1358 461 1420 conveniat.
504 1359 605 1418 Nihilo
635 1378 706 1419 vero
731 1360 825 1418 secius
853 1359 1001 1418 artissime
1030 1378 1097 1417 eum
1126 1360 1275 1418 56651155

85 1480 95 1487 -
126 1449 276 1525 65556565,
299 1449 325 1508 55
349 1448 416 1526 6655
435 1440 688 1523 comparationem
712 1448 833 1507 anobis
851 1446 1022 1506 institutam
1047 1448 1140 1506 oculis
1159 1449 1276 1524 obierit,

126 1539 253 1613 66651665,
280 1537 342 1596 6555
364 1536 468 1612 fallor,
496 1523 668 1596 concedet'
691 1537 791 1612 Atque
818 1537 925 1611 longe
954 1536 1095 1611 quidem
1124 1536 1276 1596 maxima

85 1668 97 1675 -
128 1626 361 1687 convenientia
380 1628 436 1684 555
458 1626 558 1684 56556
578 1624 731 1685 565556
755 1628 789 1683 55
808 1624 942 1700 Syrum.
980 1624 1114 1683 Plurima
1136 1645 1189 1700 pro
1208 1627 1276 1685 6555

122 1717 192 1791 ’65655
213 1717 362 1775 intereos
386 1715 485 1790 556555
508 1715 697 1775 5566565665.
735 1713 859 1788 Semper
877 1711 952 1787 fere,
976 1714 1028 1772 ubi
1050 1714 1173 1790 gravius
1196 1715 1275 1774 inter

128 1820 150 1862 55
165 1803 325 1881 deoponica
340 1803 455 1863 Graeca
473 1807 505 1862 55
523 1803 646 1879 Syriaca
664 1803 841 1877 discrepant,
862 1801 955 1880 Kosla
972 1821 989 1859 5
1008 1803 1145 1877 65655565
1164 1804 1269 1862 656515-

127 1893 159 1950 nis
173 1891 308 1970 Syriacae
332 1894 401 1951 5555.
438 1892 508 1952 5156
530 1910 627 1969 65665
649 1910 717 1951 566
739 1891 815 1966 Syro
839 1893 1008 1950 communia
1031 1891 1133 1968 habet,
1157 1910 1234 1972 quae
1257 1912 1275 1950 a

88 2032 92 2036 .
129 1979 279 2057 6556565555
305 1980 426 2042 Graecis
454 1981 552 2040 aliena
579 1982 647 2041 sint.
696 1979 829 2055 Denique
857 1980 887 2037 in
916 1981 1055 2038 universa
1082 1980 1274 2055 dispositione

129 2071 273 2146 argumenti
296 2071 392 2129 multo
415 2070 511 2146 magis
536 2069 605 2146 Syri
629 2068 764 2145 vestigiis
788 2068 901 2128 insistit
923 2087 1012 2144 quam
1032 2068 1144 2128 Graeci.
1183 2069 1275 2128 Velut

128 2160 199 2216 totam
218 2161 255 2218 de
273 2159 460 2234 plantatione
480 2161 510 2218 et
529 2177 600 2218 cura
614 2159 748 2217 olearum
762 2157 994 2232 disputationem
1011 2148 1060 2238 (G.
1076 2157 1110 2217 G.
1125 2157 1179 2233 1x3
1201 2157 1235 2217 G.
1245 2158 1273 2218 S.

128 2245 157 2304 lll
171 2250 298 2324 4-233
324 2248 419 2326 Kost'a
442 2239 501 2327 VI)
525 2249 629 2307 contra
652 2246 786 2306 ordinem
810 2246 980 2321 eclogarum
1004 2245 1184 2305 Graecarum
1207 2265 1275 2305 cum

128 2332 182 2410 Syro
198 2337 282 2411 65655
305 2341 374 2412 6555
393 2339 493 2403 655565
516 2335 552 2395 65
572 2337 702 2396 65156655
716 2335 878 2409 arboribus
897 2338 1056 2411 praecepta
1075 2327 1123 2415 (G.
1144 2334 1178 2394 G.
1198 2334 1225 2391 X
1244 2340 1276 2394 et

127 2406 167 2500 l13
182 2413 213 2484 'a
228 2425 256 2485 S.
271 2426 311 2501 X3
332 2424 426 2502 155555
435 2416 486 2506 V).
504 2456 542 2467 -
564 2424 643 2484 Illud
661 2424 769 2502 igitur,
789 2424 924 2500 quamvis
939 2424 1034 2482 multa
1049 2426 1151 2482 556565
1165 2423 1273 2498 aliquis

127 2513 252 2590 proferat,
276 2515 326 2574 vix
344 2515 457 2590 poterit
474 2515 600 2573 refutari
618 2514 711 2574 libros
729 2512 787 2570 XlI
806 2512 920 2591 Xostae
945 2516 976 2571 et
994 2511 1173 2588 Geoponioa,
1197 2532 1273 2587 quae

127 2600 251 2679 dicuntur,
270 2603 394 2680 Syriaca
412 2604 579 2680 propinqua
598 2604 726 2678 quadam
745 2601 921 2678 cognatione
939 2601 1019 2659 inter
1037 2620 1069 2660 55
1084 2601 1236 2661 contineri.

193 2691 286 2762 Quam
314 2695 475 2769 antequam
502 2693 671 2752 accuratius
698 2691 887 2768 definiamus,
915 2690 1018 2766 656555
1046 2689 1202 2749 65556666
1226 2693 1273 2749 555

111 2778 334 2843 6566565655
357 2781 480 2857 565655
502 2780 718 2857 aLagardio
744 2779 833 2845 editi
855 2779 976 2838 indole
1000 2780 1108 2856 atque
1130 2783 1272 2837 natura.

125 2864 202 2928 155515
220 2870 299 2929 5656
318 2888 385 2928 655
403 2870 522 2946 665656
542 2871 691 2929 556556555
708 2867 831 2944 6655565
848 2871 951 2943 655555
969 2867 1069 2927 656565
1088 2867 1271 2943 aLagardic

123 2955 233 3018 adhibito
252 2978 311 3018 666
331 2961 394 3018 556
412 2959 563 3034 integram
581 2960 651 3018 libri
670 2958 795 3017 alicuius
815 2956 923 3017 Graeci
942 2956 1108 3017 versionem
1127 2957 1272 3015 contineri

124 3062 193 3118 quam
214 3049 419 3124 fragmenta
442 3048 547 3107 511565
570 3048 752 3107 versionis
776 3065 792 3104 5
817 3047 938 3106 556565
960 3046 1162 3122 iniquitate
1184 3049 1272 3105 tem-

123 3135 200 3206 poris
227 3136 381 3213 pessime
414 3137 538 3197 habito
572 3137 615 3195 ab
646 3136 788 3196 homine
821 3135 1008 3194 admodum
1035 3134 1183 3194 indocto
1215 3154 1272 3194 ex·

123 3229 233 3300 656655.
265 3226 377 3285 Ducem
398 3226 488 3284 etiam
506 3226 537 3283 in
556 3227 612 3284 hac
628 3228 715 3302 parte
735 3225 946 3300 disputationis
967 3222 1145 3282 Gemollium
1166 3224 1269 3296 habac,

123 3312 159 3384 qui
182 3314 293 3389 primus
321 3315 358 3372 de
384 3314 528 3373 memoria
555 3314 700 3374 versionis
729 3312 870 3390 Syriacae
900 3311 1079 3372 iustissimos
1112 3312 1268 3387 scrupulos

122 3394 260 3485 novitffl)
299 3401 487 3480 Quamquam
507 3422 555 3482 ea,
575 3422 651 3480 quae
671 3404 758 3462 homo
777 3403 883 3462 doctus
902 3401 971 3459 inde
990 3400 1124 3477 collegit,
1143 3401 1270 3476 probare
1333 3430 1337 3437 ·

121 3504 165 3547 non
180 3510 306 3567 possum.
325 3523 362 3533 -
380 3491 438 3551 Sed
453 3511 517 3551 rem
530 3492 740 3569 gravissimam
755 3491 845 3550 liceat
858 3491 1044 3567 argumentis
1058 3491 1183 3565 prolatis
1203 3509 1271 3548 con·

121 3575 226 3640 firmare.
263 3581 399 3640 Primum
427 3582 542 3656 antiqui
566 3581 711 3639 librorum
734 3581 808 3638 fines
830 3581 863 3638 in
884 3579 946 3639 cod.
966 3599 1040 3638 mus.
1059 3578 1134 3637 Brit.
1156 3579 1286 3651 14665,

119 3664 270 3729 1556555565
292 3670 431 3730 65656566
454 3689 519 3729 5555
543 3669 642 3729 651555.
679 3670 754 3728 5156
778 3669 870 3746 enim,
893 3669 919 3728 si
943 3669 1009 3743 quis
1033 3668 1082 3728 vel
1101 3667 1271 3742 Geopcnica

118 3751 222 3830 Syriaca
244 3760 293 3819 vel
317 3777 353 3818 55
376 3762 492 3819 556566
517 3759 692 3835 perlegerit,
721 3777 796 3834 quae
823 3759 854 3816 in
876 3758 979 3817 libello
1003 3758 1063 3834 „de
1086 3757 1270 3833 geoponicon

117 3846 233 3907 versione
262 3845 407 3925 Syriaca“
435 3848 545 3924 scripto
559 3840 610 3928 ¹⁷⁶)
639 3849 675 3907 de
704 3848 890 3923 singulorum
918 3847 1051 3922 capitum
1084 3846 1269 3920 argumentis

115 3931 265 4010 Lagardius
283 3937 440 4015 indicavit,
464 3940 495 3996 et
513 3938 674 3996 contulerit
693 3955 760 3995 cum
778 3936 863 3995 libris
883 3935 1009 4014 Kostae,
1033 3933 1174 3995 concedet
1193 3934 1266 3991 anti-

114 4041 189 4097 quam
210 4026 304 4085 fnisse
329 4025 564 4102 Geoponicorum
589 4025 778 4102 Syriacorum
804 4026 1042 4102 dispositionem,
1069 4025 1104 4082 ut
1127 4025 1268 4098 ageretur

111 4109 176 4173 libro
197 4114 213 4172 I
235 4114 272 4174 de
294 4115 385 4174 rebus
409 4114 601 4192 caelestibus,
630 4132 756 4190 quarum
780 4114 905 4174 scientia
927 4114 1076 4189 agricolae
1100 4112 1267 4171 necessaria

110 4206 186 4280 55555,
203 4199 234 4262 Π
252 4203 289 4263 65
306 4204 526 4264 frumentorum
540 4208 571 4264 55
584 4203 770 4279 leguminum
789 4205 914 4275 cultura,
934 4202 980 4262 III
999 4203 1034 4260 de
1050 4200 1153 4259 officiis
1172 4200 1262 4258 rusti·

108 4290 154 4366 cis,
180 4292 287 4369 quibus
310 4312 429 4370 quoque
452 4312 553 4352 65655
576 4291 819 4352 satisfaciendum
843 4299 933 4366 esset,
963 4291 1067 4349 deinde
1092 4289 1128 4346 65
1152 4289 1266 4348 vitibus

105 4381 267 4456 plantandis
290 4382 368 4442 libro
387 4382 424 4458 V,
451 4381 581 4442 colendis
600 4381 658 4458 VI,
686 4382 826 4441 sanandis
851 4385 881 4439 et
903 4379 1021 4439 tuendis
1041 4378 1112 4449 VII,
1136 4377 1173 4437 de
1196 4396 1268 4438 cura
