2744 5130
63 280 70 293 .
159 245 240 325 370.
454 229 457 237 ’
637 245 669 299 Α.
685 241 862 299 Baumstnrk:

157 410 476 490 ‘prbrdvod,q11am
494 413 608 488 primus
623 413 653 481 in
655 416 772 490 tagram
786 411 880 470 edidit
894 410 1067 494 Hilgardus.
1074 402 1128 489 ¹⁰¹)
1162 404 1247 469 Sed
1240 413 1329 470 ieiuna

159 504 332 581 regularum
359 502 622 585 grammaticarum
650 501 874 560 enumeratione
899 502 935 558 de
959 502 1058 558 ιιιιιι
1043 498 1145 559 ιτιιι
1168 502 1230 567 ιιι
1257 500 1328 560 vitae

159 593 330 652 condicione
349 593 440 666 plane
459 591 535 649 nihil
554 591 645 650 efficit
633 594 691 649 t.ur
724 591 819 666 Unus,
839 610 890 667 qur
882 588 1045 664 Sergium
1063 589 1212 648 lectorem
1227 590 1329 648 diserte

11 663 13 672 Ι
67 702 70 706 ·
157 682 271 756 laudat,
290 680 505 739 Pachomrus
526 681 717 739 Rhusanus
737 682 783 738 es
770 678 964 737 monachus
979 677 1051 735 XVI
1064 678 1132 736 fere
1139 654 1330 760 saecuh¹⁰²)

159 771 210 847 qui
229 769 410 844 praefationi
429 769 499 827 libri
518 770 565 828 sni
583 770 620 827 de
638 772 702 827 arte
717 752 867 845 grammat
868 768 914 825 ica
930 767 962 824 in
977 768 1040 826 cod.
1054 766 1131 825 Nan.
1147 766 1258 833 Graec.
1274 770 1329 828 305

159 860 271 918 servati
296 858 423 916 indicem
442 877 545 917 eorum
564 859 827 934 grammaticorum
849 857 989 933 inseruit,
1013 875 1140 930 quorum
1161 857 1280 933 scripta
1301 857 1332 915 ad

159 947 309 1006 Manuelis
328 947 514 1022 Moschopuli
538 966 633 1022 usqne
653 949 782 1005 aetatem
802 945 927 1022 Byzant
919 944 961 1002 mi
984 944 1231 1019 frequentissime
1254 946 1332 1004 adhi-

159 1037 308 1110 buimont,
335 1027 485 1116 hunc¹⁰³):
514 1029 597 1094 άλλά
620 1033 710 1109 μέχρι
729 1032 787 1109 μὲν
810 1034 908 1107 κυροῦ
929 1030 1097 1108 Μανουήλ,
1118 1034 1182 1094 ’τοῦ
1210 1031 1332 1109 Μοςχο-

160 1122 286 1184 πούλου
311 1122 361 1183 και
384 1121 459 1198 ἡμῖν
488 1120 567 1183 κατὰ
590 1122 648 1197 τὴν
672 1124 839 1198 θρηςκεῖαν
863 1117 1022 1196 ὁμοδόξου
1041 1119 1081 1181 τὰ
1099 1122 1166 1182 τῶν
1186 1123 1332 1183 παλαιῶν

160 1209 337 1288 ἐπεκράτει,
357 1208 428 1285 οιιν
444 1208 616 1273 Διονυςιου
631 1213 689 1287 τοῦ
705 1210 829 1287 Θρακὸς
846 1209 952 1285 τέχνη,
973 1207 1148 1270 Θεοδοςὶου
1163 1228 1334 1286 γραμματι.

160 1303 219 1362 κοῦ
234 1297 468 1376 Ἀλεξανδρέως
487 1299 560 1376 περὶ
578 1297 708 1361 κλιςεωε
723 1297 893 1375 ὀνομάτων
908 1297 959 1360 καὶ
973 1295 1131 1374 ῥημάτων,
1152 1294 1228 1378 ιτερλ
1243 1317 1333 1361 πνευ-

160 1387 278 1466 μάτων,
294 1387 483 1466 (ωφρονιου
501 1386 699 1495 πατριάρχου
714 1387 787 1464 περὶ
801 1385 1029 1463 ὀρθογραφὶας,
1050 1384 1096 1447 ἔτι
1110 1382 1266 1449 Ἰωάννου
1280 1389 1333 1449 τοῦ

161 1476 306 1584 Χάρακος
325 1477 376 1540 καὶ
395 1477 552 1554 Τιμοθέου
572 1480 629 1540 τοῦ
651 1475 796 1554 Χάρακος
815 1473 962 1552 κανόνες,
974 1473 1177 1552 (ωφρονιου
1196 1479 1258 1538 τοῦ
1277 1495 1331 1538 πα-

158 1565 311 1674 τριάρχου
330 1566 404 1643 περὶ
422 1566 565 1653 προθές
543 1584 619 1642 εων,
644 1565 775 1642 (εργίου
799 1568 857 1627 τοῦ
879 1562 1086 1638 ἀναγνώςτου
1105 1561 1315 1639 'enecarat'
1293 1583 1345 1652 εις,

158 1655 199 1717 τὰ
221 1655 330 1718 Αἰλίου
353 1654 566 1734 Ἡρωδιανοῦ,
595 1655 806 1732 Θεωιορήτου
836 1653 909 1730 περὶ
932 1651 1124 1730 πνευμάτων
1156 1656 1225 1715 τῶν
1254 1652 1331 1716 ὄκτω

160 1743 324 1820 ςτοιχείων
348 1744 380 1808 ἐξ
403 1742 601 1849 Ηρωδιανοῦ
627 1743 707 1819 πρὸς
730 1742 916 1819 Πατρίιιιον,
939 1741 1138 1819 Ἡρωδιανοῦ
1163 1742 1239 1820 περὶ
1263 1741 1331 1820 χρό-

159 1852 241 1909 νων,
265 1832 339 1909 περι
362 1831 530 1909 ςχημάτων
555 1832 605 1894 καὶ
629 1830 750 1909 ἄλλων,
774 1829 923 1894 Ιωάννου
947 1834 1164 1908 γραμματικοῦ
1187 1827 1331 1897 Ἀλεξαν-

161 1922 262 1998 δρέως
281 1924 417 1983 τονικών
436 1913 715 1998 παραγγελμάτων
735 1921 771 1983 ἐν
790 1919 935 2003 ἐπιτομῇ,
962 1920 1088 1997 Μιχαὴλ
1112 1922 1170 1982 τοῦ
1190 1919 1331 1998 μονάχοι

161 2010 212 2073 καὶ
232 2010 412 2085 (υγκέλλου
431 2010 504 2087 περὶ
523 2008 699 2073 (υντάξεως
718 2010 768 2072 και
788 2009 907 2086 ἑτέρων
927 2030 951 2070 κ.
966 2029 991 2071 τ.
1008 2011 1033 2071 λ.

249 2102 319 2160 Non
338 2103 522 2178 spernendae
542 2104 694 2162 doctrinae
713 2103 932 2174 documentum,
951 2102 1043 2178 quod,
1069 2102 1096 2160 si
1114 2121 1220 2161 verum
1240 2103 1330 2178 video,

148 2210 218 2255 ,non
243 2191 306 2266 ipse
330 2192 460 2268 undique
484 2192 636 2269 congessit
659 2191 835 2250 Pachomius
861 2191 911 2248 sed
938 2209 956 2248 a
980 2191 1116 2249 Manuale
1141 2188 1335 2268 Moschopulo'

161 2280 317 2340 Michaelis
336 2280 411 2340 VIII
443 2286 474 2340 et
497 2281 660 2339 Andronici
684 2280 715 2338 II
746 2280 993 2356 Palaeologornm
1027 2281 1145 2355 aequali
1155 2272 1210 2362 ¹⁰⁴)
1240 2286 1331 2341 trans·

163 2370 298 2445 scripsit,
322 2371 390 2445 plus
415 2371 506 2429 etiam
524 2369 555 2427 in
574 2388 693 2428 recessu
711 2369 815 2441 habet,
830 2387 929 2444 *quam
950 2369 1047 2427 fronte
1066 2370 1235 2443 promittat.
1273 2370 1332 2440 Quo

164 2463 327 2535 antequam
352 2459 383 2516 in
407 2459 574 2539 definienda
594 2459 692 2534 Sergii
714 2459 834 2517 lectoris
858 2460 957 2517 aet-ate
981 2458 1113 2534 utamur,
1135 2477 1260 2519 necesse
1283 2463 1333 2536 ιιι,

163 2549 238 2606 άιοι
258 2549 337 2608 ιαιοι
357 2550 448 2623 paulo
468 2548 613 2611 attentius
633 2539 858 2623 perpendamus.
894 2547 938 2606 Ac
956 2547 1086 2621 primum
1106 2549 1227 2624 quidem
1246 2549 1333 2609 verba

163 2636 232 2695 inde
253 2631 470 2714 abditusque
495 2638 532 2695 ad
551 2633 686 2697 κανόνες
709 2641 790 2696 recte
813 2655 872 2694 non
891 2637 1013 2727 habere,
1035 2637 1084 2695 vel
1106 2637 1176 2695 inde
1199 2639 1332 2715 cognosci

160 2728 271 2800 potest,
291 2726 368 2800 quod
387 2746 543 2801 perperam
558 2726 617 2785 τοῦ
634 2721 780 2799 Χάρακος
798 2727 887 2784 ιιιιιι
889 2744 934 2784 ιιι.
960 2725 1066 2802 Neque
1081 2726 1161 2783 enim
1176 2726 1264 2786 Timo
1267 2729 1331 2786 theo

161 2812 277 2872 Gazaeo
293 2814 418 2881 Oharaci
434 2834 597 2891 cognomen
612 2816 704 2875 fuisse
723 2817 785 2873 ullo
800 2814 971 2874 testimonio
986 2814 1141 2874 confirmat
1128 2818 1179 2873 tur
1199 2819 1256 2875 aut
1270 2836 1331 2902 prc-

160 2902 253 2961 babili
272 2903 443 2962 coniectura
461 2908 513 2979 pot
515 2908 561 2962 est
579 2904 656 2979 poni.
691 2901 870 2962 Offenditet
842 2904 940 2984 etiam,
961 2890 1174 2979 quodlcannis
1190 2908 1221 2963 et
1237 2906 1330 2964 Timo

72 3028 76 3035 -
160 2991 224 3048 thei
242 2994 325 3048 ment
326 2992 354 3049 ιο
378 2993 457 3050 inter
480 2993 538 3051 duo
558 2992 716 3067 Sophronii
739 2992 935 3068 patriarchae
952 2992 1065 3067 scripta
1088 2993 1271 3068 interposita
1288 2999 1331 3054 est

161 3083 191 3137 et
210 3099 228 3137 a
247 3080 392 3156 singulari
410 3075 499 3140 illo
483 3097 529 3139 ετι
547 3082 659 3156 incipit.
697 3082 845 3140 Nimirum
864 3082 987 3141 verba
979 3101 1011 3139 m
1030 3084 1165 3157 exemplo
1185 3083 1330 3144 Manuelis

47 3238 50 3243 ‚
72 3164 100 3213 *·
161 3168 321 3228 Pachomio
340 3171 495 3245 proposito
515 3172 626 3245 scripta
645 3175 732 3229 erant
749 3174 820 3246 post
834 3165 1035 3244 πνευμάτων.
1068 3171 1150 3240 Quae
1169 3191 1239 3231 cum
1258 3175 1331 3233 forte

160 3257 191 3316 in
209 3259 451 3317 transscribendo
474 3259 636 3335 omisisset,
660 3261 712 3318 ubi
734 3263 889 3336 peccatum
913 3260 1067 3336 cognovit,
1092 3261 1196 3320 statim
1219 3262 1330 3322 addidit

161 3347 348 3423 Pachomius‚
367 3367 435 3407 cum
449 3349 619 3423 praeposito
635 3344 680 3408 ἔτι
700 3369 831 3408 ιιιοιιιιι
850 3367 869 3407 ι
888 3367 918 3407 ιι
933 3350 1125 3409 commissum
1140 3351 1329 3426 significaret.

160 3435 275 3494 Deinde
300 3437 391 3494 etiam
415 3437 447 3494 in
470 3439 608 3512 genetivo
632 3438 768 3498 τονικῶν
792 3433 1071 3512 παραγγελμάτων
1100 3457 1153 3499 suo
1179 3441 1247 3516 quis
1269 3443 1329 3501 iure

161 3524 300 3584 haeserit.
329 3523 429 3584 Ceteri
443 3528 521 3584 enim
536 3528 678 3586 librorum
695 3528 785 3605 tituli,
804 3528 840 3584 id*
855 3525 933 3602 quod
949 3531 1118 3587 structurae
1132 3530 1216 3604 leges
1231 3549 1328 3608 posce·

161 3613 243 3689 bant,
262 3615 292 3672 in
307 3615 489 3674 nominativo
510 3620 562 3674 aut
577 3637 609 3674 re
622 3637 695 3676 vera
713 3618 804 3692 positi
819 3619 889 3675 sunt
909 3621 962 3676 aut
981 3619 1011 3676 vi
1029 3620 1109 3676 ιιιιι
1127 3621 1159 3677 ιι
1173 3619 1328 3680 ιιιιιιιιι.

160 3703 234 3760 Item
253 3703 381 3762 enodare
404 3705 464 3764 nisi
487 3705 531 3763 ita
549 3725 608 3764 non
626 3724 762 3781 possum,
786 3709 821 3764 ut
841 3708 973 3764 statuam
993 3707 1084 3765 etiam
1102 3707 1178 3766 illud
1197 3708 1328 3769 τονικῶν

161 3787 438 3866 παραγγελμάτων
458 3813 635 3869 suspensum
656 3814 720 3854 esse
739 3795 777 3853 ab
792 3791 824 3856 ἐξ
844 3796 1063 3870 praepositione
1082 3801 1152 3870 post
1167 3794 1327 3872 ετοιχεὶων

160 3881 268 3956 ροιιιι,
287 3883 457 3959 scriptaque
472 3883 653 3943 Theodoreti
667 3884 727 3941 tria
742 3883 903 3960 significari
922 3885 1035 3944 scilicet
1053 3881 1125 3958 περὶ
1140 3883 1327 3961 πνευμάτων

160 3969 226 4028 τῶν
246 3964 329 4029 ὄκτω
346 3967 509 4045 ςτοιχειωι
529 3968 561 4032 ἐξ
575 3967 774 4045 Ἡρωδιανοῦ
789 3970 870 4046 πρὸς
884 3969 1066 4048 Πατρίκιον,
1085 3971 1118 4036 ἐξ
1132 3970 1327 4048 Ἡρωδιανοῦ

161 4055 240 4132 περὶΙ
253 4055 389 4134 χρόνων,
409 4057 482 4134 περι
501 4056 668 4134 ςχημάτων
687 4059 738 4121 καλ
757 4055 879 4137 άλλων,
899 4059 931 4122 ἐξ
947 4056 1097 4122 Ἰωάννου
1116 4062 1327 4138 γραμματικοῦ

160 4140 395 4222 Ἀλεξανδρέως
419 4148 554 4208 τονικῶν
575 4146 851 4225 παραγγελμάτων
876 4148 911 4211 ἐν
933 4148 1074 4232 ἐπιτομὴ
1116 4153 1221 4229 Neque
1239 4154 1328 4232 igitur

162 4239 281 4297 omnino
301 4237 465 4301 Herodiani
484 4242 536 4297 aut
554 4239 674 4300 Ioannis
691 4240 851 4317 Philoponi
869 4241 941 4299 libri
959 4242 1038 4300 inter
1057 4260 1107 4301 eos
1126 4247 1327 4315 numerantur,

126 4335 132 4347 ·
161 4325 212 4399 qni
235 4326 266 4384 in
292 4320 401 4386 scholis
424 4327 656 4403 Byzantinorum
686 4349 780 4407 usque
804 4331 842 4388 ad
866 4332 1017 4390 saeculum
1039 4332 1162 4390 tertium
1186 4334 1328 4393 decimum
1371 4404 1372 4410 ¹

162 4413 386 4490 lectitabantur,
407 4418 456 4475 sed
478 4417 576 4477 solum
592 4420 753 4478 summaria
774 4440 810 4478 ex
824 4420 866 4478 eis
881 4438 899 4478 a
914 4419 1101 4480 Τιιιοιοιιιο
1116 4425 1279 4504 excerpta.
1297 4422 1329 4480 Id

1314 4560 1320 4569 ,
1344 4494 1357 4561 ι
