2744 5130
4 2874 8 2883 '
123 2859 198 2917 lium

121 206 187 270 392
292 199 293 202 ‘
591 202 623 259 n.
638 161 817 258 senatuis:

124 393 271 434 summam
290 370 502 448 disputationis
522 371 715 447 complectar:
734 371 894 430 Librorum
915 371 951 429 de
970 390 1001 429 re
1020 371 1134 429 rustica
1155 390 1173 429 a
1193 371 1285 448 Sergio

123 463 207 521 Elias
226 462 288 520 filio
303 461 480 520 Resainensi
496 461 618 536 Syriaee
637 479 792 520 versorum
813 464 951 519 seruatae
966 464 1035 518 sunt
1049 460 1147 518 altera
1163 480 1199 518 ex
1212 465 1287 536 parte

123 552 253 626 epitoma
266 549 390 627 Syriaca
400 548 597 609 Londinensis
613 549 650 608 ab
665 550 780 608 incerto
795 551 916 608 auctore
932 549 1048 607 saeculo
1059 549 1121 606 fere
1133 541 1287 630 oetev0101)

122 641 218 716 faeta,
238 658 273 698 ex
292 639 389 697 altera
407 638 506 698 versio
526 638 655 697 Arabica
673 635 787 716 Kestae
805 637 860 695 filii
878 637 986 696 Lucae.
1023 637 1068 694 Ex
1086 638 1133 695 his
1154 640 1288 714 quantun

123 728 190 787 fieri
205 731 315 804 potest,
335 728 503 802 exemplum
519 727 673 800 Graecum,
693 727 779 802 quod»
787 725 863 801 Syro
877 727 1063 801 propositum
1079 730 1152 803 erat,
1166 726 1289 786 reficien-

125 819 197 876 dum
218 821 264 876 est
284 816 427 874 adhibitis
446 820 602 891 praeterea
617 815 793 891 G'eoponicis
809 814 931 874 Graecis
946 819 977 875 et
990 815 1076 874 libris
1091 815 1228 893 Palladii,
1247 816 1293 892 qui

123 907 254 983 plurima
273 906 368 964 eidem
387 904 463 964 fonti
482 905 598 963 debent.

214 995 280 1054 Iam
299 1013 370 1053 vero
391 993 486 1052 oritur
504 994 655 1070 quaestio,
676 1012 767 1070 quam
785 994 920 1052 consulto
940 993 1037 1052 adhuc
1055 993 1169 1068 distuli,
1187 993 1296 1071 gravis·

124 1084 206 1143 sima
236 1115 280 1126 -
310 1082 503 1141 Cuiusnam
536 1083 640 1151 erant
666 1085 864 1157 praecepta
892 1082 959 1140 illa
987 1082 1027 1140 de
1056 1082 1298 1159 agricultura,

126 1190 217 1247 quae
237 1171 386 1248 Sergius
413 1190 429 1230 e
453 1171 580 1246 lingua
599 1168 767 1230 Graeca
760 1169 996 1246 1nSyriaeam
1020 1171 1236 1230 transtulit?
1254 1201 1298 1213 —-

93 1258 96 1265 '
123 1261 301 1320 Vindanii
321 1259 489 1340 Anatolii
506 1259 647 1336 Beryt''
623 1280 649 1317 ιι
668 1260 786 1335 eclogas
802 1258 974 1335 Geongicas
994 1278 1068 1336 quas
1083 1259 1171 1319 Phot
1149 1264 1209 1318 trus
1227 1260 1298 1319 bibl.

127 1350 192 1408 cod.
209 1351 273 1409 163
292 1349 404 1423 laudat,
424 1347 625 1431 Gemollius
644 1368 698 1424 pro
717 1348 782 1407 font
769 1352 800 1406 te
817 1337 1055 1424 Geoponicorum
1074 1354 1104 1406 et
1119 1347 1298 1407 Graecorum

127 1442 159 1497 et
183 1438 371 1514 Syriaeorum
396 1394 494 1497 habet.
474 1428 555 1517 tm)
589 1437 666 1515 Ego
689 1437 748 1496 nisi
772 1437 939 1538 opinionem
959 1437 1087 1496 hominis
1107 1437 1188 1495 docti
1211 1457 1296 1513 quam

124 1528 252 1586 maxime
271 1526 463 1602 comprobare
486 1545 545 1586 non
569 1545 699 1602 possum.
736 1526 794 1584 Per
814 1544 854 1598 se,
873 1525 980 1601 inquit,
1000 1529 1234 1585 consentaneum
1254 1530 1302 1585 est

126 1616 295 1692 Geoponica
314 1615 428 1674 Graeca
447 1618 477 1673 et
497 1614 621 1691 Syriaca
638 1615 737 1674 redire
755 1615 792 1673 ad
813 1634 888 1691 opus
907 1616 944 1673 de
963 1634 995 1673 rc
1013 1616 1126 1674 rustica
1143 1614 1299 1688 Graecum,

123 1707 201 1781 quod
225 1704 352 1764 saeculis
376 1704 445 1761 inde
469 1707 590 1763 asexto
614 1704 675 1763 fene
699 1723 794 1779 usque
819 1704 856 1762 ad
881 1704 1027 1763 decimum
1051 1724 1104 1779 pro
1131 1705 1244 1780 optimo
1268 1709 1300 1762 et

125 1793 342 1869 perfectissimo
358 1791 534 1852 habebatur.
566 1792 626 1852 Eas
644 1812 715 1852 vero
734 1793 827 1852 fuisse
843 1794 960 1868 eclogas
979 1791 1114 1852 Anatolii
1128 1794 1299 1853 testimonio

124 1881 224 1941 Photii
244 1881 383 1940 efficitur.
416 1879 614 1954 conclusioni,
634 1900 709 1958 quae
728 1871 797 1940 inde
816 1880 880 1940 fieri
895 1881 992 1956 debet,
1012 1901 1046 1940 eo
1063 1883 1164 1956 plnres
1184 1882 1298 1941 numeri

124 1970 346 2047 probabilitatis
365 1970 525 2043 adduntur,
545 1971 624 2046 quod
638 1970 806 2045 Geoponiea
821 1970 936 2030 Graece
954 1973 1034 2029 certe
1056 1970 1217 2030 maximam
1234 1991 1297 2046 par-

124 2063 183 2119 tem
205 2059 243 2117 ab
263 2058 403 2117 Anatolio
423 2059 552 2133 pendere
571 2059 766 2118 manifestum
785 2062 831 2118 est
850 2063 880 2117 et
898 2059 1096 2134 exploratum.
1134 2058 1217 2118 Haec
1237 2060 1296 2135 qui-

126 2149 191 2207 dem
209 2147 375 2206 Gemollius
394 2147 511 2224 profert
529 2150 715 2224 argumenta.
748 2148 848 2208 Pauca
862 2147 937 2206 mihi
950 2148 1040 2207 liceat
1055 2149 1173 2223 addere,
1193 2149 1297 2223 quibus

126 2237 363 2312 demonstretur,
388 2237 506 2295 etiamsi
531 2237 567 2295 de
587 2236 822 2312 Geoponicorum
842 2235 1024 2296 Graecorum
1041 2229 1174 2296 lontibus
1194 2257 1298 2313 parum

89 2324 96 2339 ⁴
125 2327 261 2402 liqueret,
285 2325 341 2385 nisi
361 2345 415 2401 pro
435 2325 572 2385 versione
591 2327 764 2400 eclogarum
780 2325 915 2384 Anatolii
934 2344 1007 2400 opus
1027 2324 1163 2400 aSergio
1179 2326 1299 2403 Syrisce

125 2415 279 2476 conditum
298 2414 402 2474 heberi
421 2433 480 2473 non
499 2432 595 2489 posse.
626 2413 943 2495 Proficiscendumnest
960 2415 1160 2473 anominibus
1176 2415 1298 2490 scripto-

125 2524 191 2563 rum
210 2505 254 2562 rei
274 2505 404 2563 rusticae
419 2502 609 2580 Graecorum,
629 2522 705 2581 quae
723 2504 754 2561 in
774 2503 936 2578 exemplari
951 2503 1054 2578 Sergio
1069 2504 1223 2579 proposito
1239 2507 1299 2562 lau-

125 2594 196 2652 data
214 2593 307 2652 fuisse
327 2612 362 2651 ex
381 2593 516 2652 versione
535 2592 698 2652 Kostaet
667 2596 698 2652 et
716 2592 780 2668 epit
782 2611 851 2652 orna
869 2591 1051 2651 Londinensi
1070 2592 1173 2669 colligi
1191 2597 1298 2668 potest.

123 2682 252 2740 Laudati
229 2684 361 2740 terant
384 2684 471 2757 praet
473 2700 505 2739 e1
459 2658 658 2741 tHerodot
645 2685 710 2740 um
718 2673 791 2762 193)
808 2672 1055 2760 ·,Homerum¹⁹4)
1079 2675 1299 2760 Iulianirm195),

124 2770 308 2830 Chaldaeum
340 2770 467 2828 fortasse
477 2761 543 2849 ¹⁹⁶)
575 2770 770 2829 Plutarchum
780 2762 848 2849 197)
880 2770 939 2847 Pyt
926 2770 1000 2828 thav
980 2761 1158 2851 goram¹⁹⁸),
1192 2769 1298 2847 Vergi-

206 2850 272 2938 199),
297 2859 346 2933 qui
370 2858 429 2916 huc
453 2859 571 2918 omnino
595 2878 653 2919 ncn
671 2857 840 2935 pertinent,
866 2858 946 2935 quod
965 2861 1018 2917 aut
1037 2877 1095 2917 non
1115 2858 1300 2919 Graecei
1249 2864 1300 2919 anit

125 2948 244 3007 omnino
256 2960 317 3005 non
327 2946 488 3022 separatim
499 2947 536 3005 de
545 2966 578 3006 re
587 2947 701 3006 rustica
712 2947 904 3024 scripserunt,
918 2941 1300 3029 Pseudo-Aristotelesm),

124 3036 285 3094 Africanus
293 3026 358 3115 2⁰1),
383 3027 603 3117 Apuleium),
627 3028 1020 3116 Pseudo-Demosnsus²⁰³),
1045 3027 1218 3118 Sotion.²⁰4)
1257 3038 1300 3096 De

124 3125 170 3184 his
193 3124 301 3202 igitur,
329 3143 396 3184 cum
423 3127 574 3184 auctorem
598 3125 696 3200 Sergii
719 3125 917 3201 requirimus,
945 3125 1072 3202 cogitari
1094 3145 1218 3202 prorsus
1241 3146 1301 3186 non

123 3217 232 3290 potest.
264 3213 369 3289 Neque
388 3233 458 3274 vero
477 3215 623 3291 magisin
642 3233 764 3274 censum
788 3215 916 3274 veniunt
934 3215 955 3272 ii
975 3215 1135 3290 scriptores
1153 3216 1198 3273 rei
1211 3217 1301 3275 rusti·

124 3303 310 3378 caqGraeci,
332 3303 391 3380 qui,
411 3322 478 3362 cum
496 3303 637 3363 Africano
657 3306 710 3362 aut
730 3303 858 3379 Apuleio
881 3307 930 3362 aet
917 3306 982 3362 tate
1002 3305 1171 3379 superiores
1191 3308 1299 3380 essent,

124 3411 174 3452 eos
197 3392 320 3451 laudare
344 3392 427 3451 nullo
451 3393 537 3452 modo
562 3396 743 3469 potuerunt,
769 3390 890 3451 Cassius
911 3384 1149 3472 Dionysius²⁰⁵),
1171 3393 1299 3468 Diopha-

123 3472 247 3560 nes²⁰⁶),
272 3472 536 3562 Florentinus²⁰⁷),
555 3482 743 3557 Pamphilus,
769 3480 833 3541 sive
857 3481 1023 3540 Aristarchi
1043 3484 1124 3540 secta
1124 3484 1173 3540 tor
1190 3482 1300 3542 intelli

100 3568 208 3645 ‘gitur
231 3569 294 3629 sive
318 3570 532 3644 grammaticus
559 3571 676 3630 saeculo
703 3590 732 3646 p.
753 3568 805 3629 Ch.
825 3590 853 3628 ιι.
873 3571 969 3645 primo
989 3573 1115 3629 exeunte
1134 3563 1300 3651 clarus²⁰⁸),

79 3691 87 3705 ·
125 3649 341 3737 Paxamus209),
361 3657 530 3726 Quintiliif
529 3662 576 3718 rat
578 3679 625 3718 res
645 3659 785 3718 consules
808 3660 924 3734 annip.
940 3658 991 3717 Ch.
1007 3679 1034 3718 n
1052 3661 1112 3718 151
1135 3651 1300 3740 (154)2¹⁰),

124 3748 314 3806 Tareninus
320 3739 374 3828 ²¹¹)
416 3747 636 3823 Supersunt
664 3749 903 3823 scriptores,
935 3767 1028 3823 quos
1057 3749 1093 3805 in
1120 3749 1300 3808 manibus

124 3835 225 3912 Serg'
193 3836 244 3894 ori
267 3836 381 3895 fuisse
407 3837 595 3912 putaverit
617 3837 767 3913 aliquis,
795 3836 956 3913 quinque
979 3837 1049 3896 Leo
1073 3828 1164 3917 (sive
1186 3836 1300 3896 Leon

124 3917 286 4006 tius)212),
309 3924 458 4003 Valens,
487 3926 582 4001 siqui
606 3944 761 4002 unquam
784 3926 857 3984 fuit
844 3916 931 4007 tm),
955 3925 1050 3984 Anat
1057 3926 1151 3984 elius
1158 3926 1298 4004 ,Didy-

101 4002 267 4097 'rnus²¹4),
287 4013 483 4074 Cassianus
501 4015 657 4115 denique
673 4014 808 4074 Bassus
824 4015 1027 4086 scholasticus,
1043 4034 1132 4090 quern
1146 4015 1299 4075 diversum

124 4122 189 4162 esse
213 4106 251 4163 ab
275 4123 322 4181 eo,
346 4105 396 4180 qui
421 4102 566 4163 Constt
500 4106 566 4161 ttan
567 4103 609 4162 ini
633 4103 912 4181 Porphyrogenneti
936 4107 1035 4163 aetate
1062 4105 1196 4182 eclogas,
1223 4124 1300 4182 quae

123 4195 253 4261 aetatem
285 4193 433 4268 tulerunt,
466 4191 625 4269 Georgicas
657 4193 854 4265 contexuerit,
891 4193 963 4251 mihi
996 4193 1114 4271 quidem
1147 4195 1301 4268 persuasit

125 4273 324 4360 odorrem)
362 4281 408 4338 Ex
430 4280 478 4339 his
506 4280 634 4340 Valens
658 4283 777 4356 quidem
802 4284 832 4340 et
856 4281 925 4340 Leo
951 4272 1155 4362 (Leontius)
1181 4285 1299 4341 tantam

121 4369 201 4427 inter
215 4367 344 4430 Graecos
364 4368 572 4429 auctoritatem
591 4387 742 4445 nunquam
762 4373 833 4428 sunt
852 4370 991 4447 assecuti,
1009 4376 1044 4429 ut
1063 4370 1127 4429 veri
1143 4372 1240 4430 simile
1256 4374 1298 4431 sit
