2766 5130
478 107 697 163 Lucubrationes
717 107 933 177 Syro-Graecae.

61 273 96 332 int
139 296 188 336 run
208 275 349 336 memoria
371 275 525 352 abhorret,
553 277 584 335 in
608 276 781 353 apographo
807 275 903 354 Sergii
926 295 944 335 a
968 277 1140 353 neglegenti
1164 279 1287 338 librario

52 365 93 419 ai*
139 365 253 425 videatur
272 368 415 441 corrupte
428 383 502 425 esse.
536 365 612 423 Tum
631 366 662 424 id
680 365 828 442 agendum
844 368 898 443 est,
918 386 937 423 u
966 368 1123 442 emendata
1138 369 1288 442 scriptura

50 454 110 511 raa
137 454 226 533 Sergii,
250 473 328 531 quae
352 455 483 530 genuina
505 455 630 513 alterius
653 453 833 514 recensionis
856 454 944 514 lectio
968 455 1074 528 fuerit,
1100 457 1286 516 coniecturae

50 543 88 600 ria
137 545 251 603 acumine
269 542 447 619 reperiatur.

80 638 87 689 ’.·
202 632 326 692 Initium
350 632 562 709 disputationis
584 633 692 691 faeiem
719 651 737 690 a
765 633 959 708 congerendis
986 632 1135 710 prioris,
1164 635 1199 693 de
1227 655 1285 710 quo

52 736 86 778 ra.
135 722 248 782 dicebam
266 721 425 798 generis,
445 721 628 797 exemplis.
662 722 706 795 Ac
719 721 848 797 primum
863 721 983 797 quidem
998 724 1068 781 sunt
1086 723 1205 798 quidam
1219 724 1284 796 loci,

60 811 83 867 ir
135 810 173 869 ubi
191 811 396 887 apographum
422 809 569 870 Graecum
593 809 691 884 Sergii
714 810 758 868 ita
781 809 900 870 videtur
924 811 1039 870 laesum
1061 812 1167 890 fuisse,
1191 816 1285 872 utne

62 1184 89 1220 ετ
136 1164 254 1225 babuisse
271 1167 336 1241 ipse
356 1165 478 1242 Sergius
501 1165 658 1242 indicavit,
681 1185 748 1224 cum
770 1185 877 1242 parum
900 1168 1038 1226 accurate
1062 1171 1093 1226 et
1115 1187 1169 1242 per
1193 1168 1284 1228 miras

137 1254 256 1330 ambages
276 1253 419 1314 orationis
438 1255 701 1330 interpretaretur:

202 1343 273 1402 XXI
287 1347 306 1402 7
318 1361 340 1401 s.
356 1363 378 1402 s.
397 1362 452 1419 pro
470 1342 569 1404 verbis
588 1343 656 1401 inde
676 1344 714 1402 ab
728 1344 765 1422 τῇ
781 1337 860 1421 ὀργῇ
879 1360 973 1418 usqua
989 1343 1027 1402 ad
1041 1338 1283 1419 ὑπομιμνήεκειε

137 1428 237 1508 Sergius
256 1432 379 1491 exhibet
397 1427 624 1506 παραπληείωε
643 1425 718 1510 ἔχῃ(
737 1427 817 1506 πρὸ(
831 1426 976 1490 ἅπαντα(
995 1428 1045 1491 καὶ
1060 1428 1190 1508 αἰεχρὸν
1204 1428 1283 1493 ὑπο-

136 1513 212 1599 λάβῃ(
229 1520 296 1580 τῶν
316 1517 373 1595 μὲν
392 1517 524 1580 οἰκετῶν
544 1515 661 1594 ἄρχειν,
681 1520 749 1580 ταῖς
769 1514 802 1579 b'
815 1516 948 1593 beorna
963 1517 1128 1581 δουλεύειν
1144 1524 1284 1581 extremis

134 1609 211 1668 verbis
229 1609 381 1669 liberrime
400 1601 617 1691 expressisti-⁷³⁴)

203 1699 285 1758 XXX
300 1701 354 1757 4s.
372 1718 426 1774 pro
442 1697 564 1758 Graecis
579 1694 805 1772 χαριζομένου(
820 1701 851 1757 et
864 1691 1146 1772 ἀπεχθανομένου(
1161 1698 1284 1777 Sergius

132 1789 261 1860 expressit
275 1783 557 1862 (ομβουλεύονταε.
589 1785 782 1863 scripturam,
797 1805 872 1862 quae
887 1805 954 1845 cum
969 1789 1117 1847 sententia
1131 1789 1283 1864 scriptoris

129 1875 375 1935 vehementissime
393 1880 519 1952 pugnat,
538 1894 668 1952 unquam
688 1876 719 1933 in
734 1876 795 1934 ullo
810 1875 911 1936 codice
931 1876 1080 1936 exstitisse
1098 1878 1181 1936 nullo
1195 1882 1283 1952 pacto

124 1961 189 2022 nihi
211 1965 421 2040 persuaserim.
464 1965 560 2024 Immo
583 1983 651 2022 cunr
673 1967 813 2023 neutrum
836 1965 1026 2039 participium
1050 1965 1198 2025 Graecum
1221 1970 1283 2026 tum

120 2045 201 2129 clare,
218 2056 254 2112 ut
268 2053 330 2130 legi
343 2057 453 2131 posset,
473 2054 616 2130 scriptum
630 2053 778 2112 inveniret
790 2054 947 2130 interpres,
961 2053 1037 2112 illud
1052 2052 1283 2129 (υμβουλεύον-

50 2185 66 2220 ᾗ..
115 2145 170 2201 Tu(
187 2162 203 2202 e
223 2161 278 2202 sua
296 2143 466 2202 coniectura
485 2134 705 2221 supplevit.⁴⁵⁵)

57 2304 63 2311 ὑ
200 2231 313 2307 Aliqua
332 2250 396 2290 cum
417 2231 629 2306 probabilitate
649 2231 722 2289 duos
740 2232 821 2290 locos
840 2231 949 2289 addere
968 2233 1117 2306 poteram,
1136 2231 1188 2288 ubi
1206 2249 1283 2291 coru-

50 2364 59 2401 3
105 2313 210 2381 pluria
227 2322 332 2394 verba,
358 2320 467 2397 quibus
491 2320 584 2379 careri
602 2320 685 2379 nullo
704 2323 792 2394 pacto
815 2322 927 2395 potest,
951 2318 1138 2379 inversione
1158 2319 1283 2396 Syriaca

50 2442 51 2449 ο
104 2410 325 2471 praetermissa
344 2411 422 2488 sunt,
441 2409 555 2468 scilicet

50 2486 54 2493 ⁰
200 2497 361 2559 XXXVIS
381 2498 474 2558 verba
491 2491 698 2571 lcxupdsurov
718 2492 840 2570 μέντοι,
864 2515 939 2571 quae
959 2496 985 2555 si
1004 2496 1182 2555 sententiam
1202 2516 1282 2572 spec-

101 2577 211 2659 ssamus
224 2578 315 2664 plane
328 2586 496 2646 necessaria
509 2586 658 2660 videntur,
675 2604 741 2644 eum
755 2584 875 2660 legibus
890 2603 908 2643 a
921 2584 1044 2661 regibus
1058 2584 1128 2644 latis
1143 2605 1283 2662 suprema

103 2676 258 2743 quaedam
276 2671 332 2734 lex
343 2679 511 2752 opponatur
529 2674 560 2733 in
578 2675 643 2750 ipso
661 2673 741 2751 regis
760 2673 886 2733 arbitrio
905 2664 1074 2754 positam),

198 2763 298 2823 XLVI
312 2766 332 2824 4
351 2764 444 2824 verba
462 2760 513 2823 καὶ
527 2760 584 2822 τὰ(
598 2758 780 2837 πληεμονὰ(
795 2756 925 2834 ἀγαπᾶν
940 2759 1042 2837 εὐθύς,
1063 2782 1139 2838 quae
1153 2765 1202 2823 vel
1215 2763 1282 2824 ideo

50 2854 52 2859 ’
109 2846 245 2912 dubitari
257 2872 318 2912 non
333 2854 431 2930 debet,
444 2853 516 2929 quin
530 2854 660 2929 genuina
674 2852 743 2929 sint,
758 2850 836 2928 quod
849 2852 910 2910 illis
925 2852 1044 2910 omissis
1060 2852 1283 2911 accuratissima

50 2947 54 2971 ³
112 2941 260 3012 quaedam
279 2945 310 3001 et
329 2942 551 3018 elegantissima
568 2941 722 3018 responsio
742 2940 885 2999 orationis
905 2933 1089 3020 deletur.4⁵⁷)

201 3029 259 3090 Sed
285 3049 352 3090 eum
373 3030 524 3105 ceteroqui
543 3030 623 3089 locos
645 3030 710 3088 tem
728 3032 867 3088 accurate
890 3028 1068 3103 expresserit
1088 3027 1223 3106 Sergius,
1246 3032 1282 3088 ut

52 3120 67 3199 J·
120 3113 311 3195 descriptura
326 3119 384 3180 sibi
396 3119 552 3195 proposita
566 3117 750 3177 dubitavisse
769 3117 890 3175 minime
904 3116 1066 3193 videretur,
1085 3117 1181 3194 magis
1199 3120 1281 3193 equi-

54 3208 73 3246 s?
122 3202 179 3266 dem
196 3227 230 3268 eo
253 3226 420 3284 propensus
439 3225 518 3281 sum,
541 3211 578 3266 ut
599 3207 691 3266 verba
713 3205 767 3264 illa
790 3225 822 3263 re
845 3224 918 3264 veru
940 3206 972 3263 in
990 3207 1162 3282 apographo
1182 3206 1280 3282 Sergii

50 3301 78 3334 ¹⁵
126 3311 270 3372 perperam
289 3296 399 3356 omissa
419 3297 511 3355 fuisse
529 3299 641 3373 putem.

73 3383 77 3391 '
199 3385 305 3463 Neque
325 3385 403 3444 enim
421 3404 517 3461 pauca
535 3388 618 3458 sunt,
642 3403 719 3460 quae
737 3383 768 3441 in
786 3382 839 3441 illo
859 3383 1021 3458 exemplari
1043 3385 1282 3461 neglegentia

50 3466 76 3553 l'f'
123 3471 349 3534 librariorum
368 3473 496 3534 omissa
515 3476 607 3533 erant.
644 3472 804 3531 Exciderat
823 3471 936 3530 scilicet

61 3561 72 3585 ¹³
198 3561 292 3622 vus
314 3557 394 3637 μόνη
413 3563 493 3638 quod
511 3562 653 3638 perfacile
672 3565 742 3621 ante
762 3557 819 3635 μέν
838 3559 937 3621 omitti
954 3554 1148 3640 poterat458),

51 3720 54 3725 ¹
197 3650 240 3710 IX
255 3654 275 3711 8
294 3650 361 3711 τῶν
379 3646 601 3725 ὑπαρχόντων,
620 3651 700 3728 quod
718 3653 753 3708 ut
771 3651 851 3708 iusta
870 3649 1018 3726 oppositio
1038 3652 1179 3727 exsistat,
1198 3669 1280 3726 pror-

50 3735 53 3758 ³
116 3758 162 3800 sua
179 3739 380 3800 necessarium
399 3732 513 3820 est459),

193 3827 336 3999 rdxgvm
361 3823 475 3903 μόνον,
503 3828 583 3904 quod
609 3828 772 3906 genuinum
800 3846 866 3887 esse
891 3845 1021 3906 vsequeus
1050 3822 1133 3886 ἀλλὰ
1160 3824 1211 3887 καὶ
1239 3828 1281 3886 in-

112 3915 190 3977 dicat
249 3963 258 3995 ,

197 4004 314 4067 XXVII
328 4007 347 4067 5
367 4000 552 4081 ἀπόλαυειν,
571 4025 628 4082 quo
648 4005 784 4081 quamvis
804 4006 889 4066 salva
903 4005 1052 4064 sententia
1068 4006 1163 4064 careri
1176 4007 1281 4080 possit,

108 4095 272 4174 genuinum
296 4097 399 4155 tamen
420 4096 495 4173 puto
519 4114 597 4172 esse,
625 4095 696 4171 quia
718 4095 750 4152 in
773 4094 965 4171 sequentibus
993 4113 1110 4170 quoque
1134 4095 1280 4155 bonorum

109 4185 259 4261 possessio
279 4187 311 4243 et
328 4202 400 4244 usus
419 4184 498 4243 inter
517 4201 550 4244 se
569 4174 827 4265 opponunturffl),

198 4272 330 4334 XXXII
352 4273 408 4334 bct
427 4274 545 4352 syllaba
563 4272 700 4335 vocabuli
719 4262 977 4354 oeccprcrodffi),
