<?xml version="1.0" encoding="UTF-8"?>
<!DOCTYPE html PUBLIC "-//W3C//DTD XHTML 1.0 Transitional//EN"
    "http://www.w3.org/TR/xhtml1/DTD/xhtml1-transitional.dtd">
<html xmlns="http://www.w3.org/1999/xhtml" xml:lang="en" lang="en">
 <head>
  <title>
</title>
<meta http-equiv="Content-Type" content="text/html;charset=utf-8" />
  <meta name='ocr-system' content='tesseract 3.04.00' />
  <meta name='ocr-capabilities' content='ocr_page ocr_carea ocr_par ocr_line ocrx_word'/>
</head>
<body>
  <div class='ocr_page' id='page_1' title='image "./lucubrationessy00baumgoog_0009.png"; bbox 0 0 2744 5130; ppageno 0'>
   <div class='ocr_carea' id='block_1_1' title="bbox 523 1153 1214 1248">
    <p class='ocr_par' dir='ltr' id='par_1_1' title="bbox 523 1153 1214 1248">
     <span class='ocr_line' id='line_1_1' title="bbox 548 1153 1214 1209; baseline 0.008 -17"><span class='ocrx_word' id='word_1_1' title='bbox 548 1153 608 1204; x_wconf 85' lang='lat' dir='ltr'>„Illa</span> <span class='ocrx_word' id='word_1_2' title='bbox 625 1165 715 1202; x_wconf 85' lang='lat' dir='ltr'>quoque</span> <span class='ocrx_word' id='word_1_3' title='bbox 733 1154 824 1194; x_wconf 82' lang='lat' dir='ltr'>minora</span> <span class='ocrx_word' id='word_1_4' title='bbox 836 1154 886 1205; x_wconf 85' lang='lat' dir='ltr'>(sed</span> <span class='ocrx_word' id='word_1_5' title='bbox 899 1155 958 1194; x_wconf 84' lang='lat' dir='ltr'>nihil</span> <span class='ocrx_word' id='word_1_6' title='bbox 972 1156 997 1195; x_wconf 92' lang='lat' dir='ltr'>in</span> <span class='ocrx_word' id='word_1_7' title='bbox 1011 1157 1214 1209; x_wconf 75' lang='lat' dir='ltr'>studiisparvnm)</span> 
     </span>
     <span class='ocr_line' id='line_1_2' title="bbox 523 1207 811 1248; baseline 0.007 -2"><span class='ocrx_word' id='word_1_8' title='bbox 523 1218 570 1247; x_wconf 88' lang='lat' dir='ltr'>non</span> <span class='ocrx_word' id='word_1_9' title='bbox 584 1210 638 1247; x_wconf 86' lang='lat' dir='ltr'>sunt</span> <span class='ocrx_word' id='word_1_10' title='bbox 652 1207 811 1248; x_wconf 82' lang='lat' dir='ltr'>transeunda.“</span> 
     </span>
    </p>
   </div>
   <div class='ocr_carea' id='block_1_2' title="bbox 875 1262 1188 1312">
    <p class='ocr_par' dir='ltr' id='par_1_2' title="bbox 875 1262 1188 1312">
     <span class='ocr_line' id='line_1_3' title="bbox 875 1262 1188 1312; baseline 0.013 -11"><span class='ocrx_word' id='word_1_11' title='bbox 875 1262 1009 1312; x_wconf 82' lang='lat' dir='ltr'>Quintilian.</span> <span class='ocrx_word' id='word_1_12' title='bbox 1023 1264 1080 1304; x_wconf 81' lang='lat' dir='ltr'>Inst.</span> <span class='ocrx_word' id='word_1_13' title='bbox 1096 1275 1128 1304; x_wconf 89' lang='lat' dir='ltr'>or.</span> <span class='ocrx_word' id='word_1_14' title='bbox 1138 1265 1160 1304; x_wconf 88' lang='lat' dir='ltr'>X</span> <span class='ocrx_word' id='word_1_15' title='bbox 1169 1267 1188 1306; x_wconf 79' lang='grc'>3.</span> 
     </span>
    </p>
   </div>
   <div class='ocr_carea' id='block_1_3' title="bbox 37 1400 1215 2822">
    <p class='ocr_par' dir='ltr' id='par_1_3' title="bbox 37 1400 1215 2822">
     <span class='ocr_line' id='line_1_4' title="bbox 132 1400 1214 1490; baseline 0.006 -23"><span class='ocrx_word' id='word_1_16' title='bbox 132 1400 443 1490; x_wconf 78' lang='lat' dir='ltr'>Lucubrationibrrs*)</span> <span class='ocrx_word' id='word_1_17' title='bbox 460 1409 527 1469; x_wconf 89' lang='lat' dir='ltr'>istis</span> <span class='ocrx_word' id='word_1_18' title='bbox 546 1428 613 1468; x_wconf 91' lang='lat' dir='ltr'>oum</span> <span class='ocrx_word' id='word_1_19' title='bbox 627 1411 725 1469; x_wconf 90' lang='lat' dir='ltr'>locum</span> <span class='ocrx_word' id='word_1_20' title='bbox 738 1411 917 1470; x_wconf 88' lang='lat' dir='ltr'>tentandum</span> <span class='ocrx_word' id='word_1_21' title='bbox 931 1412 1004 1469; x_wconf 90' lang='lat' dir='ltr'>mihi</span> <span class='ocrx_word' id='word_1_22' title='bbox 1017 1430 1214 1488; x_wconf 83' lang='lat' dir='ltr'>proponerem</span> 
     </span>
     <span class='ocr_line' id='line_1_5' title="bbox 38 1497 1214 1577; baseline 0.003 -20"><span class='ocrx_word' id='word_1_23' title='bbox 38 1499 193 1557; x_wconf 90' lang='lat' dir='ltr'>lubricum</span> <span class='ocrx_word' id='word_1_24' title='bbox 221 1500 252 1557; x_wconf 93' lang='lat' dir='ltr'>et</span> <span class='ocrx_word' id='word_1_25' title='bbox 280 1518 298 1556; x_wconf 91' lang='lat' dir='ltr'>a</span> <span class='ocrx_word' id='word_1_26' title='bbox 324 1498 431 1558; x_wconf 89' lang='lat' dir='ltr'>studiis</span> <span class='ocrx_word' id='word_1_27' title='bbox 453 1499 635 1559; x_wconf 71' lang='lat' dir='ltr'><strong>nostratium</strong></span> <span class='ocrx_word' id='word_1_28' title='bbox 657 1497 880 1576; x_wconf 85' lang='lat' dir='ltr'>philologorum</span> <span class='ocrx_word' id='word_1_29' title='bbox 902 1501 992 1574; x_wconf 91' lang='lat' dir='ltr'>paulo</span> <span class='ocrx_word' id='word_1_30' title='bbox 1015 1503 1214 1577; x_wconf 73' lang='lat' dir='ltr'>remotiorem,</span> 
     </span>
     <span class='ocr_line' id='line_1_6' title="bbox 38 1587 1215 1667; baseline 0.006 -23"><span class='ocrx_word' id='word_1_31' title='bbox 38 1587 142 1663; x_wconf 90' lang='lat' dir='ltr'>primo</span> <span class='ocrx_word' id='word_1_32' title='bbox 161 1587 280 1662; x_wconf 91' lang='lat' dir='ltr'>quidem</span> <span class='ocrx_word' id='word_1_33' title='bbox 300 1588 330 1646; x_wconf 92' lang='lat' dir='ltr'>id</span> <span class='ocrx_word' id='word_1_34' title='bbox 350 1607 444 1646; x_wconf 89' lang='lat' dir='ltr'>unum</span> <span class='ocrx_word' id='word_1_35' title='bbox 463 1587 604 1664; x_wconf 87' lang='lat' dir='ltr'>agebam,</span> <span class='ocrx_word' id='word_1_36' title='bbox 622 1591 670 1661; x_wconf 92' lang='lat' dir='ltr'>ut,</span> <span class='ocrx_word' id='word_1_37' title='bbox 690 1588 741 1665; x_wconf 90' lang='lat' dir='ltr'>qui</span> <span class='ocrx_word' id='word_1_38' title='bbox 760 1588 981 1648; x_wconf 90' lang='lat' dir='ltr'>eversionibus</span> <span class='ocrx_word' id='word_1_39' title='bbox 1001 1588 1131 1667; x_wconf 83' lang='lat' dir='ltr'>Syriacis</span> <span class='ocrx_word' id='word_1_40' title='bbox 1151 1591 1215 1652; x_wconf 90' lang='lat' dir='ltr'>Iso-</span> 
     </span>
     <span class='ocr_line' id='line_1_7' title="bbox 38 1675 1215 1755; baseline 0.004 -20"><span class='ocrx_word' id='word_1_41' title='bbox 38 1677 149 1753; x_wconf 78' lang='lat' dir='ltr'>cratis,</span> <span class='ocrx_word' id='word_1_42' title='bbox 167 1675 337 1751; x_wconf 79' lang='lat' dir='ltr'>Menandri,</span> <span class='ocrx_word' id='word_1_43' title='bbox 355 1676 522 1754; x_wconf 80' lang='lat' dir='ltr'>Plutarchi,</span> <span class='ocrx_word' id='word_1_44' title='bbox 541 1676 678 1751; x_wconf 88' lang='lat' dir='ltr'>Luciani,</span> <span class='ocrx_word' id='word_1_45' title='bbox 699 1675 813 1755; x_wconf 82' lang='lat' dir='ltr'>Gelani,</span> <span class='ocrx_word' id='word_1_46' title='bbox 833 1677 990 1737; x_wconf 82' lang='lat' dir='ltr'>Themistii</span> <span class='ocrx_word' id='word_1_47' title='bbox 1009 1679 1107 1739; x_wconf 89' lang='lat' dir='ltr'>adhuc</span> <span class='ocrx_word' id='word_1_48' title='bbox 1125 1681 1215 1740; x_wconf 90' lang='lat' dir='ltr'>editis</span> 
     </span>
     <span class='ocr_line' id='line_1_8' title="bbox 37 1758 1213 1850; baseline 0.003 -26"><span class='ocrx_word' id='word_1_49' title='bbox 37 1767 111 1841; x_wconf 92' lang='lat' dir='ltr'>post</span> <span class='ocrx_word' id='word_1_50' title='bbox 126 1784 212 1824; x_wconf 89' lang='lat' dir='ltr'>ouras</span> <span class='ocrx_word' id='word_1_51' title='bbox 227 1765 380 1825; x_wconf 90' lang='lat' dir='ltr'>hominum</span> <span class='ocrx_word' id='word_1_52' title='bbox 394 1765 633 1826; x_wconf 88' lang='lat' dir='ltr'>doctissimorum</span> <span class='ocrx_word' id='word_1_53' title='bbox 647 1758 795 1848; x_wconf 83' lang='lat' dir='ltr'>Landii¹),</span> <span class='ocrx_word' id='word_1_54' title='bbox 815 1758 1028 1848; x_wconf 63' lang='lat' dir='ltr'>Hoffmannil),</span> <span class='ocrx_word' id='word_1_55' title='bbox 1042 1761 1213 1850; x_wconf 73' lang='lat' dir='ltr'>Rysselii3),</span> 
     </span>
     <span class='ocr_line' id='line_1_9' title="bbox 38 1847 1214 1934; baseline 0.004 -21"><span class='ocrx_word' id='word_1_56' title='bbox 38 1847 260 1934; x_wconf 71' lang='lat' dir='ltr'>Rothsteinii4)</span> <span class='ocrx_word' id='word_1_57' title='bbox 279 1855 392 1930; x_wconf 88' lang='lat' dir='ltr'>percipi</span> <span class='ocrx_word' id='word_1_58' title='bbox 410 1873 497 1932; x_wconf 86' lang='lat' dir='ltr'>posse</span> <span class='ocrx_word' id='word_1_59' title='bbox 516 1855 692 1915; x_wconf 88' lang='lat' dir='ltr'>viderentur</span> <span class='ocrx_word' id='word_1_60' title='bbox 704 1856 820 1915; x_wconf 87' lang='lat' dir='ltr'>fructus</span> <span class='ocrx_word' id='word_1_61' title='bbox 835 1856 1008 1932; x_wconf 86' lang='lat' dir='ltr'>colligerem</span> <span class='ocrx_word' id='word_1_62' title='bbox 1024 1858 1214 1934; x_wconf 90' lang='lat' dir='ltr'>omniumque</span> 
     </span>
     <span class='ocr_line' id='line_1_10' title="bbox 37 1944 1214 2023; baseline 0.003 -21"><span class='ocrx_word' id='word_1_63' title='bbox 37 1944 112 2003; x_wconf 92' lang='lat' dir='ltr'>usui</span> <span class='ocrx_word' id='word_1_64' title='bbox 136 1945 396 2004; x_wconf 85' lang='lat' dir='ltr'>accommodarem.</span> <span class='ocrx_word' id='word_1_65' title='bbox 434 1944 602 2021; x_wconf 87' lang='lat' dir='ltr'>Reliquisse</span> <span class='ocrx_word' id='word_1_66' title='bbox 626 1948 726 2004; x_wconf 87' lang='lat' dir='ltr'>autem</span> <span class='ocrx_word' id='word_1_67' title='bbox 749 1945 829 2006; x_wconf 88' lang='lat' dir='ltr'>viros</span> <span class='ocrx_word' id='word_1_68' title='bbox 852 1946 953 2004; x_wconf 89' lang='lat' dir='ltr'>doctos</span> <span class='ocrx_word' id='word_1_69' title='bbox 972 1964 1032 2004; x_wconf 94' lang='lat' dir='ltr'>non</span> <span class='ocrx_word' id='word_1_70' title='bbox 1050 1965 1159 2023; x_wconf 90' lang='lat' dir='ltr'>pauca,</span> <span class='ocrx_word' id='word_1_71' title='bbox 1182 1949 1214 2006; x_wconf 95' lang='lat' dir='ltr'>in</span> 
     </span>
     <span class='ocr_line' id='line_1_11' title="bbox 38 2032 1213 2110; baseline 0.004 -19"><span class='ocrx_word' id='word_1_72' title='bbox 38 2032 151 2108; x_wconf 88' lang='lat' dir='ltr'>quibus</span> <span class='ocrx_word' id='word_1_73' title='bbox 171 2033 448 2110; x_wconf 89' lang='lat' dir='ltr'>quantulascunque</span> <span class='ocrx_word' id='word_1_74' title='bbox 468 2033 527 2091; x_wconf 91' lang='lat' dir='ltr'>tiro</span> <span class='ocrx_word' id='word_1_75' title='bbox 541 2034 621 2094; x_wconf 91' lang='lat' dir='ltr'>vires</span> <span class='ocrx_word' id='word_1_76' title='bbox 636 2052 811 2108; x_wconf 84' lang='lat' dir='ltr'>exercerem,</span> <span class='ocrx_word' id='word_1_77' title='bbox 831 2034 937 2109; x_wconf 90' lang='lat' dir='ltr'>siquis</span> <span class='ocrx_word' id='word_1_78' title='bbox 953 2037 1213 2096; x_wconf 89' lang='lat' dir='ltr'>commentationis</span> 
     </span>
     <span class='ocr_line' id='line_1_12' title="bbox 38 2117 1214 2199; baseline 0.002 -18"><span class='ocrx_word' id='word_1_79' title='bbox 38 2141 126 2181; x_wconf 88' lang='lat' dir='ltr'>meae</span> <span class='ocrx_word' id='word_1_80' title='bbox 145 2122 246 2197; x_wconf 87' lang='lat' dir='ltr'>capita</span> <span class='ocrx_word' id='word_1_81' title='bbox 264 2122 393 2182; x_wconf 88' lang='lat' dir='ltr'>alterum</span> <span class='ocrx_word' id='word_1_82' title='bbox 412 2125 442 2181; x_wconf 90' lang='lat' dir='ltr'>et</span> <span class='ocrx_word' id='word_1_83' title='bbox 460 2117 585 2181; x_wconf 86' lang='lat' dir='ltr'>tertium</span> <span class='ocrx_word' id='word_1_84' title='bbox 603 2123 729 2182; x_wconf 90' lang='lat' dir='ltr'>cumeis</span> <span class='ocrx_word' id='word_1_85' title='bbox 744 2123 912 2199; x_wconf 88' lang='lat' dir='ltr'>contulerit,</span> <span class='ocrx_word' id='word_1_86' title='bbox 932 2142 1009 2198; x_wconf 90' lang='lat' dir='ltr'>qnae</span> <span class='ocrx_word' id='word_1_87' title='bbox 1022 2124 1068 2182; x_wconf 94' lang='lat' dir='ltr'>illi</span> <span class='ocrx_word' id='word_1_88' title='bbox 1086 2125 1214 2185; x_wconf 88' lang='lat' dir='ltr'>disseru-</span> 
     </span>
     <span class='ocr_line' id='line_1_13' title="bbox 39 2210 1213 2289; baseline 0.002 -19"><span class='ocrx_word' id='word_1_89' title='bbox 39 2214 144 2287; x_wconf 88' lang='lat' dir='ltr'>erunt,</span> <span class='ocrx_word' id='word_1_90' title='bbox 168 2229 228 2269; x_wconf 97' lang='lat' dir='ltr'>non</span> <span class='ocrx_word' id='word_1_91' title='bbox 250 2210 363 2287; x_wconf 86' lang='lat' dir='ltr'>poterit</span> <span class='ocrx_word' id='word_1_92' title='bbox 386 2211 474 2270; x_wconf 91' lang='lat' dir='ltr'>facile</span> <span class='ocrx_word' id='word_1_93' title='bbox 495 2230 614 2289; x_wconf 84' lang='lat' dir='ltr'>negare.</span> <span class='ocrx_word' id='word_1_94' title='bbox 632 2211 741 2271; x_wconf 89' lang='lat' dir='ltr'>—De</span> <span class='ocrx_word' id='word_1_95' title='bbox 760 2211 865 2287; x_wconf 83' lang='lat' dir='ltr'>Sergio</span> <span class='ocrx_word' id='word_1_96' title='bbox 884 2211 1060 2271; x_wconf 80' lang='lat' dir='ltr'>Resainensi</span> <span class='ocrx_word' id='word_1_97' title='bbox 1078 2232 1137 2272; x_wconf 90' lang='lat' dir='ltr'>non</span> <span class='ocrx_word' id='word_1_98' title='bbox 1156 2215 1213 2274; x_wconf 90' lang='lat' dir='ltr'>nisi</span> 
     </span>
     <span class='ocr_line' id='line_1_14' title="bbox 38 2300 1212 2378; baseline 0.003 -20"><span class='ocrx_word' id='word_1_99' title='bbox 38 2319 106 2358; x_wconf 90' lang='lat' dir='ltr'>eam</span> <span class='ocrx_word' id='word_1_100' title='bbox 127 2301 165 2359; x_wconf 94' lang='lat' dir='ltr'>ob</span> <span class='ocrx_word' id='word_1_101' title='bbox 184 2318 304 2360; x_wconf 86' lang='lat' dir='ltr'>causam</span> <span class='ocrx_word' id='word_1_102' title='bbox 324 2300 420 2359; x_wconf 90' lang='lat' dir='ltr'>dicere</span> <span class='ocrx_word' id='word_1_103' title='bbox 438 2301 470 2359; x_wconf 93' lang='lat' dir='ltr'>in</span> <span class='ocrx_word' id='word_1_104' title='bbox 488 2301 588 2361; x_wconf 91' lang='lat' dir='ltr'>animo</span> <span class='ocrx_word' id='word_1_105' title='bbox 607 2304 681 2375; x_wconf 88' lang='lat' dir='ltr'>erat,</span> <span class='ocrx_word' id='word_1_106' title='bbox 702 2301 779 2376; x_wconf 93' lang='lat' dir='ltr'>quod</span> <span class='ocrx_word' id='word_1_107' title='bbox 798 2300 825 2359; x_wconf 90' lang='lat' dir='ltr'>ei</span> <span class='ocrx_word' id='word_1_108' title='bbox 843 2300 1011 2378; x_wconf 87' lang='lat' dir='ltr'>plerasque,</span> <span class='ocrx_word' id='word_1_109' title='bbox 1031 2320 1105 2376; x_wconf 89' lang='lat' dir='ltr'>quas</span> <span class='ocrx_word' id='word_1_110' title='bbox 1124 2303 1212 2363; x_wconf 92' lang='lat' dir='ltr'>modo</span> 
     </span>
     <span class='ocr_line' id='line_1_15' title="bbox 38 2381 1213 2469; baseline 0.003 -22"><span class='ocrx_word' id='word_1_111' title='bbox 38 2389 228 2467; x_wconf 83' lang='lat' dir='ltr'>enumeravi,</span> <span class='ocrx_word' id='word_1_112' title='bbox 250 2389 401 2449; x_wconf 88' lang='lat' dir='ltr'>versiones</span> <span class='ocrx_word' id='word_1_113' title='bbox 423 2389 619 2449; x_wconf 89' lang='lat' dir='ltr'>vindicandas</span> <span class='ocrx_word' id='word_1_114' title='bbox 643 2409 708 2449; x_wconf 90' lang='lat' dir='ltr'>esse</span> <span class='ocrx_word' id='word_1_115' title='bbox 733 2381 975 2469; x_wconf 81' lang='lat' dir='ltr'>Hoffmannus⁶)‚</span> <span class='ocrx_word' id='word_1_116' title='bbox 1000 2384 1213 2468; x_wconf 64' lang='lat' dir='ltr'>Wrightiusssi,</span> 
     </span>
     <span class='ocr_line' id='line_1_16' title="bbox 38 2469 1213 2561; baseline 0.003 -25"><span class='ocrx_word' id='word_1_117' title='bbox 38 2469 250 2558; x_wconf 67' lang='lat' dir='ltr'>Sachavius7),</span> <span class='ocrx_word' id='word_1_118' title='bbox 279 2471 468 2561; x_wconf 79' lang='lat' dir='ltr'>Rysselius⁸)</span> <span class='ocrx_word' id='word_1_119' title='bbox 497 2482 583 2538; x_wconf 90' lang='lat' dir='ltr'>erant</span> <span class='ocrx_word' id='word_1_120' title='bbox 610 2479 755 2555; x_wconf 88' lang='lat' dir='ltr'>suspicati</span> <span class='ocrx_word' id='word_1_121' title='bbox 783 2479 879 2553; x_wconf 84' lang='lat' dir='ltr'>magis</span> <span class='ocrx_word' id='word_1_122' title='bbox 903 2496 993 2553; x_wconf 90' lang='lat' dir='ltr'>quam</span> <span class='ocrx_word' id='word_1_123' title='bbox 1011 2480 1213 2554; x_wconf 77' lang='lat' dir='ltr'>probaverant</span> 
     </span>
     <span class='ocr_line' id='line_1_17' title="bbox 37 2567 1213 2645; baseline 0.003 -20"><span class='ocrx_word' id='word_1_124' title='bbox 37 2567 128 2642; x_wconf 88' lang='lat' dir='ltr'>adeo,</span> <span class='ocrx_word' id='word_1_125' title='bbox 152 2569 187 2625; x_wconf 90' lang='lat' dir='ltr'>ut</span> <span class='ocrx_word' id='word_1_126' title='bbox 210 2567 284 2625; x_wconf 91' lang='lat' dir='ltr'>mihi</span> <span class='ocrx_word' id='word_1_127' title='bbox 307 2567 411 2627; x_wconf 90' lang='lat' dir='ltr'>liceret</span> <span class='ocrx_word' id='word_1_128' title='bbox 435 2568 640 2645; x_wconf 90' lang='lat' dir='ltr'>quaestionem</span> <span class='ocrx_word' id='word_1_129' title='bbox 658 2571 814 2644; x_wconf 90' lang='lat' dir='ltr'>tamquam</span> <span class='ocrx_word' id='word_1_130' title='bbox 832 2567 1020 2641; x_wconf 79' lang='lat' dir='ltr'>exploratam</span> <span class='ocrx_word' id='word_1_131' title='bbox 1037 2586 1162 2643; x_wconf 90' lang='lat' dir='ltr'>prorsus</span> <span class='ocrx_word' id='word_1_132' title='bbox 1182 2573 1213 2628; x_wconf 85' lang='lat' dir='ltr'>et</span> 
     </span>
     <span class='ocr_line' id='line_1_18' title="bbox 37 2655 1210 2732; baseline 0.003 -19"><span class='ocrx_word' id='word_1_133' title='bbox 37 2656 231 2732; x_wconf 83' lang='lat' dir='ltr'>profligatam</span> <span class='ocrx_word' id='word_1_134' title='bbox 248 2657 421 2730; x_wconf 88' lang='lat' dir='ltr'>praeterire.</span> <span class='ocrx_word' id='word_1_135' title='bbox 457 2657 527 2716; x_wconf 82' lang='lat' dir='ltr'>Mox</span> <span class='ocrx_word' id='word_1_136' title='bbox 546 2657 638 2716; x_wconf 87' lang='lat' dir='ltr'>latius</span> <span class='ocrx_word' id='word_1_137' title='bbox 657 2675 689 2716; x_wconf 91' lang='lat' dir='ltr'>se</span> <span class='ocrx_word' id='word_1_138' title='bbox 704 2656 856 2732; x_wconf 88' lang='lat' dir='ltr'>aperiente</span> <span class='ocrx_word' id='word_1_139' title='bbox 871 2655 998 2715; x_wconf 87' lang='lat' dir='ltr'>materia</span> <span class='ocrx_word' id='word_1_140' title='bbox 1012 2656 1210 2717; x_wconf 88' lang='lat' dir='ltr'>absolutionis</span> 
     </span>
     <span class='ocr_line' id='line_1_19' title="bbox 37 2744 1213 2822; baseline 0.002 -19"><span class='ocrx_word' id='word_1_141' title='bbox 37 2745 259 2805; x_wconf 85' lang='lat' dir='ltr'>consectatione</span> <span class='ocrx_word' id='word_1_142' title='bbox 278 2745 392 2804; x_wconf 86' lang='lat' dir='ltr'>factum</span> <span class='ocrx_word' id='word_1_143' title='bbox 411 2749 465 2822; x_wconf 90' lang='lat' dir='ltr'>est,</span> <span class='ocrx_word' id='word_1_144' title='bbox 484 2749 528 2822; x_wconf 91' lang='lat' dir='ltr'>ut,</span> <span class='ocrx_word' id='word_1_145' title='bbox 547 2764 739 2822; x_wconf 90' lang='lat' dir='ltr'>quaecunque</span> <span class='ocrx_word' id='word_1_146' title='bbox 758 2746 794 2804; x_wconf 90' lang='lat' dir='ltr'>de</span> <span class='ocrx_word' id='word_1_147' title='bbox 813 2744 877 2805; x_wconf 90' lang='lat' dir='ltr'>viro</span> <span class='ocrx_word' id='word_1_148' title='bbox 895 2744 1008 2804; x_wconf 88' lang='lat' dir='ltr'>litteris</span> <span class='ocrx_word' id='word_1_149' title='bbox 1028 2748 1059 2805; x_wconf 89' lang='lat' dir='ltr'>et</span> <span class='ocrx_word' id='word_1_150' title='bbox 1077 2745 1213 2806; x_wconf 88' lang='lat' dir='ltr'>doctrina</span> 
     </span>
    </p>
   </div>
   <div class='ocr_carea' id='block_1_4' title="bbox 37 2833 1324 2911">
    <p class='ocr_par' dir='ltr' id='par_1_4' title="bbox 37 2833 1324 2911">
     <span class='ocr_line' id='line_1_20' title="bbox 37 2833 1324 2911; baseline 0 -17"><span class='ocrx_word' id='word_1_151' title='bbox 37 2833 206 2894; x_wconf 85' lang='lat' dir='ltr'>clarissimo</span> <span class='ocrx_word' id='word_1_152' title='bbox 232 2834 297 2893; x_wconf 88' lang='lat' dir='ltr'>erni</span> <span class='ocrx_word' id='word_1_153' title='bbox 321 2838 455 2910; x_wconf 91' lang='lat' dir='ltr'>possent,</span> <span class='ocrx_word' id='word_1_154' title='bbox 481 2835 630 2911; x_wconf 89' lang='lat' dir='ltr'>copiosius</span> <span class='ocrx_word' id='word_1_155' title='bbox 655 2835 804 2910; x_wconf 80' lang='lat' dir='ltr'>explicare</span> <span class='ocrx_word' id='word_1_156' title='bbox 828 2852 960 2894; x_wconf 89' lang='lat' dir='ltr'>conarer.</span> <span class='ocrx_word' id='word_1_157' title='bbox 1004 2835 1110 2910; x_wconf 87' lang='lat' dir='ltr'>Itaque</span> <span class='ocrx_word' id='word_1_158' title='bbox 1134 2853 1213 2894; x_wconf 90' lang='lat' dir='ltr'>nunc</span> <span class='ocrx_word' id='word_1_159' title='bbox 1321 2851 1324 2858; x_wconf 65' lang='lat'><strong>⁴</strong></span> 
     </span>
    </p>
   </div>
   <div class='ocr_carea' id='block_1_5' title="bbox 35 2923 1212 3445">
    <p class='ocr_par' dir='ltr' id='par_1_5' title="bbox 35 2923 1212 3445">
     <span class='ocr_line' id='line_1_21' title="bbox 36 2923 1211 3001; baseline 0.002 -20"><span class='ocrx_word' id='word_1_160' title='bbox 36 2923 88 2982; x_wconf 89' lang='lat' dir='ltr'>vel</span> <span class='ocrx_word' id='word_1_161' title='bbox 106 2923 236 2982; x_wconf 87' lang='lat' dir='ltr'>maxime</span> <span class='ocrx_word' id='word_1_162' title='bbox 254 2923 329 2983; x_wconf 89' lang='lat' dir='ltr'>illud</span> <span class='ocrx_word' id='word_1_163' title='bbox 348 2943 395 2982; x_wconf 90' lang='lat' dir='ltr'>me</span> <span class='ocrx_word' id='word_1_164' title='bbox 415 2925 555 3001; x_wconf 86' lang='lat' dir='ltr'>delectet,</span> <span class='ocrx_word' id='word_1_165' title='bbox 579 2924 604 2982; x_wconf 92' lang='lat' dir='ltr'>si</span> <span class='ocrx_word' id='word_1_166' title='bbox 623 2924 788 3000; x_wconf 87' lang='lat' dir='ltr'>contingat,</span> <span class='ocrx_word' id='word_1_167' title='bbox 813 2926 848 2982; x_wconf 93' lang='lat' dir='ltr'>ut</span> <span class='ocrx_word' id='word_1_168' title='bbox 866 2923 979 3000; x_wconf 85' lang='lat' dir='ltr'>aliquid</span> <span class='ocrx_word' id='word_1_169' title='bbox 998 2924 1101 2982; x_wconf 90' lang='lat' dir='ltr'>videar</span> <span class='ocrx_word' id='word_1_170' title='bbox 1120 2924 1211 2983; x_wconf 89' lang='lat' dir='ltr'>etiam</span> 
     </span>
     <span class='ocr_line' id='line_1_22' title="bbox 36 3011 1211 3090; baseline 0.003 -21"><span class='ocrx_word' id='word_1_171' title='bbox 36 3011 77 3070; x_wconf 91' lang='lat' dir='ltr'>ad</span> <span class='ocrx_word' id='word_1_172' title='bbox 101 3011 259 3071; x_wconf 87' lang='lat' dir='ltr'>historiam</span> <span class='ocrx_word' id='word_1_173' title='bbox 284 3013 455 3072; x_wconf 87' lang='lat' dir='ltr'>litterarum</span> <span class='ocrx_word' id='word_1_174' title='bbox 474 3012 663 3090; x_wconf 68' lang='lat' dir='ltr'>syriacorum</span> <span class='ocrx_word' id='word_1_175' title='bbox 687 3011 896 3072; x_wconf 86' lang='lat' dir='ltr'>illustrandam</span> <span class='ocrx_word' id='word_1_176' title='bbox 922 3013 1090 3071; x_wconf 87' lang='lat' dir='ltr'>contulisse.</span> <span class='ocrx_word' id='word_1_177' title='bbox 1128 3011 1211 3082; x_wconf 82' lang='lat' dir='ltr'>Quae</span> 
     </span>
     <span class='ocr_line' id='line_1_23' title="bbox 36 3101 1211 3180; baseline 0 -20"><span class='ocrx_word' id='word_1_178' title='bbox 36 3101 233 3161; x_wconf 89' lang='lat' dir='ltr'>vehementer</span> <span class='ocrx_word' id='word_1_179' title='bbox 255 3120 373 3180; x_wconf 85' lang='lat' dir='ltr'>vereor,</span> <span class='ocrx_word' id='word_1_180' title='bbox 396 3105 431 3160; x_wconf 87' lang='lat' dir='ltr'>ut</span> <span class='ocrx_word' id='word_1_181' title='bbox 452 3102 558 3162; x_wconf 89' lang='lat' dir='ltr'>merito</span> <span class='ocrx_word' id='word_1_182' title='bbox 582 3103 620 3160; x_wconf 91' lang='lat' dir='ltr'>ab</span> <span class='ocrx_word' id='word_1_183' title='bbox 644 3101 781 3161; x_wconf 90' lang='lat' dir='ltr'>omnibus</span> <span class='ocrx_word' id='word_1_184' title='bbox 803 3102 866 3160; x_wconf 84' lang='lat' dir='ltr'>iere</span> <span class='ocrx_word' id='word_1_185' title='bbox 889 3101 1089 3160; x_wconf 87' lang='lat' dir='ltr'>fastidiantur.</span> <span class='ocrx_word' id='word_1_186' title='bbox 1132 3101 1211 3160; x_wconf 91' lang='lat' dir='ltr'>Nam</span> 
     </span>
     <span class='ocr_line' id='line_1_24' title="bbox 36 3188 1211 3267; baseline 0.001 -19"><span class='ocrx_word' id='word_1_187' title='bbox 36 3191 74 3248; x_wconf 90' lang='lat' dir='ltr'>de</span> <span class='ocrx_word' id='word_1_188' title='bbox 99 3191 308 3267; x_wconf 86' lang='lat' dir='ltr'>pervulganda</span> <span class='ocrx_word' id='word_1_189' title='bbox 331 3193 411 3251; x_wconf 86' lang='lat' dir='ltr'>certe</span> <span class='ocrx_word' id='word_1_190' title='bbox 434 3195 465 3250; x_wconf 90' lang='lat' dir='ltr'>et</span> <span class='ocrx_word' id='word_1_191' title='bbox 486 3191 681 3266; x_wconf 86' lang='lat' dir='ltr'>propaganda</span> <span class='ocrx_word' id='word_1_192' title='bbox 699 3190 866 3251; x_wconf 85' lang='lat' dir='ltr'>eruditione</span> <span class='ocrx_word' id='word_1_193' title='bbox 885 3188 998 3248; x_wconf 81' lang='lat' dir='ltr'>Graeca</span> <span class='ocrx_word' id='word_1_194' title='bbox 1016 3189 1096 3248; x_wconf 91' lang='lat' dir='ltr'>inter</span> <span class='ocrx_word' id='word_1_195' title='bbox 1115 3191 1211 3249; x_wconf 90' lang='lat' dir='ltr'>orien-</span> 
     </span>
     <span class='ocr_line' id='line_1_25' title="bbox 35 3278 1211 3359; baseline 0.002 -22"><span class='ocrx_word' id='word_1_196' title='bbox 35 3279 124 3353; x_wconf 84' lang='lat' dir='ltr'>tales,</span> <span class='ocrx_word' id='word_1_197' title='bbox 145 3279 232 3339; x_wconf 90' lang='lat' dir='ltr'>modo</span> <span class='ocrx_word' id='word_1_198' title='bbox 250 3279 297 3338; x_wconf 86' lang='lat' dir='ltr'>fas</span> <span class='ocrx_word' id='word_1_199' title='bbox 316 3279 357 3338; x_wconf 87' lang='lat' dir='ltr'>sit</span> <span class='ocrx_word' id='word_1_200' title='bbox 375 3298 547 3355; x_wconf 90' lang='lat' dir='ltr'>comparare</span> <span class='ocrx_word' id='word_1_201' title='bbox 565 3297 613 3339; x_wconf 90' lang='lat' dir='ltr'>res</span> <span class='ocrx_word' id='word_1_202' title='bbox 632 3279 816 3342; x_wconf 76' lang='lat' dir='ltr'>diversiorcs,</span> <span class='ocrx_word' id='word_1_203' title='bbox 827 3279 917 3338; x_wconf 91' lang='lat' dir='ltr'>etiam</span> <span class='ocrx_word' id='word_1_204' title='bbox 932 3296 1021 3355; x_wconf 88' lang='lat' dir='ltr'>quam</span> <span class='ocrx_word' id='word_1_205' title='bbox 1036 3278 1211 3359; x_wconf 85' lang='lat' dir='ltr'>dissitiorcs,</span> 
     </span>
     <span class='ocr_line' id='line_1_26' title="bbox 35 3366 1212 3445; baseline 0.001 -18"><span class='ocrx_word' id='word_1_206' title='bbox 35 3387 134 3443; x_wconf 84' lang='lat' dir='ltr'>aeque</span> <span class='ocrx_word' id='word_1_207' title='bbox 154 3367 223 3445; x_wconf 87' lang='lat' dir='ltr'>Syri</span> <span class='ocrx_word' id='word_1_208' title='bbox 246 3372 421 3428; x_wconf 88' lang='lat' dir='ltr'>meruerunt</span> <span class='ocrx_word' id='word_1_209' title='bbox 439 3373 529 3445; x_wconf 89' lang='lat' dir='ltr'>atquc</span> <span class='ocrx_word' id='word_1_210' title='bbox 547 3368 579 3427; x_wconf 88' lang='lat' dir='ltr'>in</span> <span class='ocrx_word' id='word_1_211' title='bbox 598 3369 749 3428; x_wconf 84' lang='lat' dir='ltr'>odcidente</span> <span class='ocrx_word' id='word_1_212' title='bbox 768 3367 903 3428; x_wconf 87' lang='lat' dir='ltr'>Romani.</span> <span class='ocrx_word' id='word_1_213' title='bbox 943 3366 1048 3443; x_wconf 89' lang='lat' dir='ltr'>Neque</span> <span class='ocrx_word' id='word_1_214' title='bbox 1067 3386 1152 3442; x_wconf 90' lang='lat' dir='ltr'>vero,</span> <span class='ocrx_word' id='word_1_215' title='bbox 1177 3372 1212 3428; x_wconf 87' lang='lat' dir='ltr'>ut</span> 
     </span>
    </p>
   </div>
   <div class='ocr_carea' id='block_1_6' title="bbox 33 3552 1211 4479">
    <p class='ocr_par' dir='ltr' id='par_1_6' title="bbox 35 3552 1211 3840">
     <span class='ocr_line' id='line_1_27' title="bbox 129 3552 1211 3624; baseline -0.002 -13"><span class='ocrx_word' id='word_1_216' title='bbox 129 3553 155 3624; x_wconf 75' lang='grc'>*)</span> <span class='ocrx_word' id='word_1_217' title='bbox 172 3553 203 3610; x_wconf 92' lang='grc' dir='ltr'>Β.</span> <span class='ocrx_word' id='word_1_218' title='bbox 220 3554 250 3611; x_wconf 93' lang='grc'>0.</span> <span class='ocrx_word' id='word_1_219' title='bbox 267 3581 300 3602; x_wconf 85' lang='lat'>=</span> <span class='ocrx_word' id='word_1_220' title='bbox 314 3555 493 3612; x_wconf 86' lang='lat' dir='ltr'>Bibliotheca</span> <span class='ocrx_word' id='word_1_221' title='bbox 506 3554 652 3611; x_wconf 85' lang='lat' dir='ltr'>orientalis</span> <span class='ocrx_word' id='word_1_222' title='bbox 665 3553 993 3610; x_wconf 67' lang='lat' dir='ltr'>clementino-Vaticana</span> <span class='ocrx_word' id='word_1_223' title='bbox 1010 3552 1041 3607; x_wconf 90' lang='lat' dir='ltr'>in</span> <span class='ocrx_word' id='word_1_224' title='bbox 1056 3571 1112 3622; x_wconf 86' lang='lat' dir='ltr'>qua</span> <span class='ocrx_word' id='word_1_225' title='bbox 1126 3572 1211 3609; x_wconf 89' lang='lat' dir='ltr'>manu</span> 
     </span>
     <span class='ocr_line' id='line_1_28' title="bbox 35 3623 1211 3698; baseline 0.003 -19"><span class='ocrx_word' id='word_1_226' title='bbox 35 3625 158 3695; x_wconf 76' lang='lat' dir='ltr'>scriptos</span> <span class='ocrx_word' id='word_1_227' title='bbox 178 3625 288 3682; x_wconf 87' lang='lat' dir='ltr'>codices</span> <span class='ocrx_word' id='word_1_228' title='bbox 307 3625 437 3698; x_wconf 80' lang='lat' dir='ltr'>Syriacos</span> <span class='ocrx_word' id='word_1_229' title='bbox 456 3627 596 3683; x_wconf 87' lang='lat' dir='ltr'>recensuit</span> <span class='ocrx_word' id='word_1_230' title='bbox 615 3625 715 3696; x_wconf 86' lang='lat' dir='ltr'>Ioseph</span> <span class='ocrx_word' id='word_1_231' title='bbox 735 3623 875 3681; x_wconf 83' lang='lat' dir='ltr'>Simonias</span> <span class='ocrx_word' id='word_1_232' title='bbox 893 3624 1071 3681; x_wconf 81' lang='lat' dir='ltr'>heremanus.</span> <span class='ocrx_word' id='word_1_233' title='bbox 1104 3626 1211 3682; x_wconf 88' lang='lat' dir='ltr'>Romae</span> 
     </span>
     <span class='ocr_line' id='line_1_29' title="bbox 38 3702 1174 3840; baseline -0.001 -18"><span class='ocrx_word' id='word_1_234' title='bbox 38 3702 262 3824; x_wconf 27' lang='lat' dir='ltr'>lTlss-hiqu</span> <span class='ocrx_word' id='word_1_235' title='bbox 281 3769 310 3826; x_wconf 92' lang='grc' dir='ltr'>Ρ.</span> <span class='ocrx_word' id='word_1_236' title='bbox 330 3768 463 3840; x_wconf 81' lang='lat' dir='ltr'>Lagardii</span> <span class='ocrx_word' id='word_1_237' title='bbox 479 3770 617 3826; x_wconf 82' lang='lat' dir='ltr'>Analecta</span> <span class='ocrx_word' id='word_1_238' title='bbox 636 3768 758 3839; x_wconf 79' lang='lat' dir='ltr'>Syriaca.</span> <span class='ocrx_word' id='word_1_239' title='bbox 791 3767 902 3839; x_wconf 85' lang='lat' dir='ltr'>Lipsiae</span> <span class='ocrx_word' id='word_1_240' title='bbox 921 3766 1074 3838; x_wconf 81' lang='lat' dir='ltr'>(Londinii)</span> <span class='ocrx_word' id='word_1_241' title='bbox 1096 3772 1174 3821; x_wconf 80' lang='lat'><strong>1858.</strong></span> 
     </span>
    </p>

    <p class='ocr_par' dir='ltr' id='par_1_7' title="bbox 35 3837 1210 3983">
     <span class='ocr_line' id='line_1_30' title="bbox 129 3837 1210 3911; baseline 0 -17"><span class='ocrx_word' id='word_1_242' title='bbox 129 3840 182 3895; x_wconf 76' lang='lat' dir='ltr'>An.</span> <span class='ocrx_word' id='word_1_243' title='bbox 202 3840 228 3896; x_wconf 80' lang='lat' dir='ltr'>S.</span> <span class='ocrx_word' id='word_1_244' title='bbox 249 3866 283 3886; x_wconf 77' lang='lat'>==</span> <span class='ocrx_word' id='word_1_245' title='bbox 302 3841 446 3897; x_wconf 89' lang='lat' dir='ltr'>Anecdota</span> <span class='ocrx_word' id='word_1_246' title='bbox 465 3841 580 3911; x_wconf 79' lang='lat' dir='ltr'>Syriaca</span> <span class='ocrx_word' id='word_1_247' title='bbox 598 3840 715 3911; x_wconf 83' lang='lat' dir='ltr'>collegit</span> <span class='ocrx_word' id='word_1_248' title='bbox 733 3838 823 3894; x_wconf 88' lang='lat' dir='ltr'>edidit</span> <span class='ocrx_word' id='word_1_249' title='bbox 841 3840 975 3910; x_wconf 85' lang='lat' dir='ltr'>explicuit</span> <span class='ocrx_word' id='word_1_250' title='bbox 993 3838 1013 3892; x_wconf 94' lang='lat' dir='ltr'>I.</span> <span class='ocrx_word' id='word_1_251' title='bbox 1029 3837 1059 3892; x_wconf 91' lang='grc' dir='ltr'>Ρ.</span> <span class='ocrx_word' id='word_1_252' title='bbox 1075 3837 1210 3911; x_wconf 37' lang='lat' dir='ltr'>Nslaand.</span> 
     </span>
     <span class='ocr_line' id='line_1_31' title="bbox 35 3910 564 3983; baseline -0.002 -17"><span class='ocrx_word' id='word_1_253' title='bbox 35 3910 170 3983; x_wconf 82' lang='lat' dir='ltr'>Lugduni</span> <span class='ocrx_word' id='word_1_254' title='bbox 189 3910 359 3968; x_wconf 85' lang='lat' dir='ltr'>Batavorum</span> <span class='ocrx_word' id='word_1_255' title='bbox 380 3918 564 3968; x_wconf 77' lang='lat'>1862-1875.</span> 
     </span>
    </p>

    <p class='ocr_par' dir='ltr' id='par_1_8' title="bbox 33 3970 1210 4479">
     <span class='ocr_line' id='line_1_32' title="bbox 128 3970 1209 4052; baseline -0.001 -18"><span class='ocrx_word' id='word_1_256' title='bbox 128 3981 149 4037; x_wconf 93' lang='lat' dir='ltr'>I.</span> <span class='ocrx_word' id='word_1_257' title='bbox 171 3981 197 4035; x_wconf 89' lang='lat' dir='ltr'>S.</span> <span class='ocrx_word' id='word_1_258' title='bbox 217 4009 251 4028; x_wconf 92' lang='lat'><em>=</em></span> <span class='ocrx_word' id='word_1_259' title='bbox 270 3982 381 4037; x_wconf 85' lang='lat' dir='ltr'>Inedita</span> <span class='ocrx_word' id='word_1_260' title='bbox 400 3984 520 4052; x_wconf 84' lang='lat' dir='ltr'>Syriaca.</span> <span class='ocrx_word' id='word_1_261' title='bbox 553 3981 623 4037; x_wconf 84' lang='lat' dir='ltr'>Eine</span> <span class='ocrx_word' id='word_1_262' title='bbox 643 3982 808 4052; x_wconf 86' lang='lat' dir='ltr'>Sammlung</span> <span class='ocrx_word' id='word_1_263' title='bbox 826 3981 968 4052; x_wconf 82' lang='lat' dir='ltr'>Syriscber</span> <span class='ocrx_word' id='word_1_264' title='bbox 982 3970 1209 4048; x_wconf 81' lang='lat' dir='ltr'>Ubersetrungen</span> 
     </span>
     <span class='ocr_line' id='line_1_33' title="bbox 34 4051 1210 4123; baseline -0.005 -13"><span class='ocrx_word' id='word_1_265' title='bbox 34 4072 94 4110; x_wconf 88' lang='lat' dir='ltr'>von</span> <span class='ocrx_word' id='word_1_266' title='bbox 118 4052 262 4109; x_wconf 82' lang='lat' dir='ltr'>Schriften</span> <span class='ocrx_word' id='word_1_267' title='bbox 284 4052 477 4110; x_wconf 81' lang='lat' dir='ltr'>Griechiecher</span> <span class='ocrx_word' id='word_1_268' title='bbox 497 4053 729 4108; x_wconf 84' lang='lat' dir='ltr'>Proianliteratur</span> <span class='ocrx_word' id='word_1_269' title='bbox 752 4054 805 4107; x_wconf 90' lang='lat' dir='ltr'>mit</span> <span class='ocrx_word' id='word_1_270' title='bbox 829 4053 919 4108; x_wconf 88' lang='lat' dir='ltr'>einem</span> <span class='ocrx_word' id='word_1_271' title='bbox 938 4054 1059 4123; x_wconf 85' lang='lat' dir='ltr'>Anhang</span> <span class='ocrx_word' id='word_1_272' title='bbox 1082 4068 1131 4105; x_wconf 85' lang='lat' dir='ltr'>aus</span> <span class='ocrx_word' id='word_1_273' title='bbox 1156 4051 1210 4105; x_wconf 88' lang='lat' dir='ltr'>den</span> 
     </span>
     <span class='ocr_line' id='line_1_34' title="bbox 34 4121 1208 4209; baseline -0.003 -29"><span class='ocrx_word' id='word_1_274' title='bbox 34 4124 260 4209; x_wconf 77' lang='lat' dir='ltr'>Handschriiten</span> <span class='ocrx_word' id='word_1_275' title='bbox 278 4125 327 4180; x_wconf 88' lang='lat' dir='ltr'>dee</span> <span class='ocrx_word' id='word_1_276' title='bbox 347 4124 517 4180; x_wconf 83' lang='lat' dir='ltr'>Brittisohen</span> <span class='ocrx_word' id='word_1_277' title='bbox 536 4127 678 4180; x_wconf 87' lang='lat' dir='ltr'>Museums</span> <span class='ocrx_word' id='word_1_278' title='bbox 697 4123 926 4194; x_wconf 82' lang='lat' dir='ltr'>berausgegeben</span> <span class='ocrx_word' id='word_1_279' title='bbox 946 4140 1001 4178; x_wconf 92' lang='lat' dir='ltr'>von</span> <span class='ocrx_word' id='word_1_280' title='bbox 1020 4124 1068 4178; x_wconf 82' lang='lat' dir='ltr'>Ed.</span> <span class='ocrx_word' id='word_1_281' title='bbox 1089 4121 1208 4177; x_wconf 85' lang='lat' dir='ltr'>Sacbau.</span> 
     </span>
     <span class='ocr_line' id='line_1_35' title="bbox 34 4198 1209 4335; baseline -0.002 -15"><span class='ocrx_word' id='word_1_282' title='bbox 34 4198 258 4322; x_wconf 33' lang='lat' dir='ltr'>Wienzl&#39;ssng·</span> <span class='ocrx_word' id='word_1_283' title='bbox 273 4266 305 4322; x_wconf 84' lang='lat' dir='ltr'>G.</span> <span class='ocrx_word' id='word_1_284' title='bbox 325 4291 359 4313; x_wconf 91' lang='lat'>=-</span> <span class='ocrx_word' id='word_1_285' title='bbox 378 4267 540 4323; x_wconf 82' lang='lat' dir='ltr'>Zeitsohrift</span> <span class='ocrx_word' id='word_1_286' title='bbox 558 4267 607 4322; x_wconf 87' lang='lat' dir='ltr'>der</span> <span class='ocrx_word' id='word_1_287' title='bbox 627 4266 786 4323; x_wconf 84' lang='lat' dir='ltr'>Deutsohen</span> <span class='ocrx_word' id='word_1_288' title='bbox 805 4265 1085 4335; x_wconf 69' lang='lat' dir='ltr'>Morgcnlindischen</span> <span class='ocrx_word' id='word_1_289' title='bbox 1104 4264 1209 4319; x_wconf 85' lang='lat' dir='ltr'>Gescli-</span> 
     </span>
     <span class='ocr_line' id='line_1_36' title="bbox 33 4338 890 4479; baseline 0 -16"><span class='ocrx_word' id='word_1_290' title='bbox 33 4338 165 4463; x_wconf 56' lang='lat' dir='ltr'>ucMil.</span> <span class='ocrx_word' id='word_1_291' title='bbox 186 4407 240 4464; x_wconf 81' lang='lat' dir='ltr'>au.</span> <span class='ocrx_word' id='word_1_292' title='bbox 260 4435 293 4455; x_wconf 69' lang='grc' dir='ltr'>ε</span> <span class='ocrx_word' id='word_1_293' title='bbox 312 4409 494 4466; x_wconf 83' lang='lat' dir='ltr'>Rbeinisohes</span> <span class='ocrx_word' id='word_1_294' title='bbox 514 4411 641 4466; x_wconf 86' lang='lat' dir='ltr'>Mueeum</span> <span class='ocrx_word' id='word_1_295' title='bbox 659 4409 705 4465; x_wconf 74' lang='lat' dir='ltr'>fur</span> <span class='ocrx_word' id='word_1_296' title='bbox 723 4406 890 4479; x_wconf 78' lang='lat' dir='ltr'>Philologie.</span> 
     </span>
    </p>
   </div>
   <div class='ocr_carea' id='block_1_7' title="bbox 519 4564 693 4663">
    <p class='ocr_par' dir='ltr' id='par_1_9' title="bbox 519 4564 693 4663">
     <span class='ocr_line' id='line_1_37' title="bbox 519 4564 693 4663; baseline -0.017 -2"><span class='ocrx_word' id='word_1_297' title='bbox 519 4583 537 4661; x_wconf 80' lang='grc'><em>7</em></span> <span class='ocrx_word' id='word_1_298' title='bbox 552 4564 621 4663; x_wconf 67' lang='lat' dir='ltr'>o‘a</span> <span class='ocrx_word' id='word_1_299' title='bbox 631 4567 693 4658; x_wconf 60' lang='lat' dir='ltr'>it</span> 
     </span>
    </p>
   </div>
   <div class='ocr_carea' id='block_1_8' title="bbox 0 0 1376 5130">
    <p class='ocr_par' dir='ltr' id='par_1_10' title="bbox 0 0 1376 5130">
     <span class='ocr_line' id='line_1_38' title="bbox 0 0 1376 5130; baseline 0 1"><span class='ocrx_word' id='word_1_300' title='bbox 0 0 1376 5130; x_wconf 95' lang='lat' dir='ltr'> </span> 
     </span>
    </p>
   </div>
  </div>
 </body>
</html>
