2744 5130
107 240 174 304 460
580 239 611 295 A.
627 236 807 293 Baumstark:

196 409 293 467 XXXI
309 411 383 485 430,
401 410 440 466 14
465 409 525 468 lbb.
545 406 610 468 Srr.
630 405 749 466 ADPG
778 402 828 466 καὶ
851 400 984 465 πάντων
1003 397 1130 486 (reliqui
1151 405 1221 464 libri
1238 405 1274 471 iu·¹

107 501 211 556 serunt
239 490 314 579 οὐχ)
342 495 449 572 ἥκιετα
477 492 586 557 ἄδικον
627 496 647 555 S
672 493 723 555 καὶ
750 490 881 555 πάντων
908 491 1016 569 ἥκιετα
1041 489 1181 555 ἐνδίκων
1205 488 1274 575 (cor.

107 589 230 662 ruptum
250 607 285 646 ex
304 579 512 668 ἔνδικον).999)

196 693 328 752 Transeo
358 693 396 750 ad
424 693 729 770 interpolationes
757 691 916 750 codicum
941 688 1174 767 Graecorum,
1207 710 1274 766 quae

110 783 257 856 plurimae
281 782 453 840 testimonie
473 781 571 857 Sergii
594 782 783 856 deteguntur.
821 779 923 856 Longe
944 780 1095 858 maximus
1120 782 1168 838 est
1191 780 1274 859 locus,

105 874 141 929 ut
165 871 217 945 qui
240 871 400 945 plurimum
422 871 523 928 valeat
546 870 583 928 ad
607 869 884 941 demonstrandum,
909 887 997 944 quam
1016 868 1127 944 exigua
1146 868 1274 929 codicum

106 959 336 1030 Lucianeorum,
363 958 415 1033 qui
440 958 572 1017 aetatem
598 960 747 1033 tulerunt,
772 958 845 1015 fides
870 956 917 1015 sIt.
957 956 1049 1033 Nam,
1075 956 1115 1032 si,
1142 957 1219 1032 quod
1239 957 1274 1017 <le

105 1047 217 1124 libello,
232 1067 320 1124 quem
335 1049 509 1120 tractamus,
524 1067 540 1106 e
555 1047 688 1106 versione
701 1047 822 1124 Syriaca
836 1047 996 1120 comparet,
1012 1045 1042 1102 id
1057 1045 1097 1103 ad
1107 1046 1274 1105 universam

106 1135 231 1194 Luciani
258 1136 432 1195 memoriam
462 1135 532 1195 licet
560 1135 728 1213 traducere,
756 1136 849 1194 verba
876 1135 1030 1210 seripterIs
1058 1133 1140 1192 inter
1168 1153 1274 1212 omnes,

106 1243 179 1299 quos
205 1223 366 1284 (laesarum
394 1228 530 1301 tempora
557 1225 704 1296 tulerunt,
732 1224 819 1282 unice
847 1222 1049 1283 venustissimi
1075 1223 1273 1282 recentiorum

105 1313 243 1372 manibus
263 1314 429 1373 miserrime
448 1314 619 1372 adulterata
638 1332 701 1372 esse
720 1313 868 1372 videntur.

195 1420 329 1479 Primum
350 1422 407 1480 hue
430 1421 581 1496 pertinent
604 1420 651 1477 illi
673 1419 743 1495 leci,
768 1419 875 1494 quibus
898 1418 1065 1493 scripturae
1089 1418 1221 1476 codicum
1238 1437 1274 1477 ex

105 1510 161 1585 eis,
185 1529 259 1585 quas
280 1508 402 1586 Sergius
427 1509 587 1584 expressit,
610 1509 653 1567 ita
677 1508 817 1567 videntur
841 1510 1000 1583 corruptae
1024 1525 1101 1579 esse,
1129 1510 1163 1566 ut
1186 1506 1274 1566 anti-

104 1616 192 1675 quas
221 1593 451 1675 corruptelas
477 1599 724 1674 interpolator
750 1597 959 1656 coniectura
985 1595 1199 1656 submovere
1222 1614 1274 1656 ee·

103 1690 260 1746 naretur.

195 1783 240 1840 111
255 1785 330 1860 422,
345 1785 386 1844 25
412 1783 472 1842 lbb
495 1784 562 1843 Grr.
590 1779 694 1844 οὕτω(
730 1777 789 1840 S‘
773 1798 818 1841 ωε
846 1777 976 1856 μάλιττα
996 1774 1047 1859 (de
1066 1777 1245 1842 locutione
1231 1796 1274 1840 uc

104 1866 236 1945 μάλιετα
254 1903 298 1913 -
312 1903 356 1912 -
370 1903 413 1912 -
433 1867 512 1932 ὥετε
532 1874 608 1931 conf
627 1873 697 1932 Luc.
717 1867 919 1948 3ο11.26ἐπ“ι
938 1867 1079 1930 πολὺ-
1094 1903 1138 1911 -
1156 1903 1192 1911 -
1211 1862 1274 1949 ὡς).

104 1959 232 2018 Videtur
246 1961 341 2036 primo
353 1960 495 2021 excidisse
506 1956 645 2036 μάλιετα,
661 1965 729 2037 pest
730 1979 765 2019 ea
775 1955 992 2020 incorrectum
1001 1976 1066 2018 esse
1075 1960 1105 2018 in
1114 1954 1222 2019 οὕτω(
1224 1951 1274 2034 999)

194 2055 253 2114 VH
267 2058 345 2130 423
362 2060 441 2117 31s
466 2059 525 2118 lbb.
545 2059 611 2118 Grr
636 2053 682 2132 ἀφ
689 2051 762 2117 ’ὧν
785 2055 860 2117 τοὺς
885 2051 1002 2116 ἄλλου(
1028 2051 1212 2117 ἀοικοῦντετ
1229 2051 1274 2116 αἰ-

103 2144 232 2205 τιῶνται
261 2140 314 2203 S
299 2140 360 2221 αφ
376 2141 422 2207 ὧν
441 2145 516 2207 τοὺ(
537 2141 691 2207 ἄλλους(
674 2163 719 2206 ωε
739 2141 927 2206 ἀδικοῦνται
946 2140 1116 2205 αἰτιῶνται.
1153 2146 1238 2205 Videt
1227 2149 1274 2204 tur

104 2235 199 2310 prime
228 2235 370 2295 excidisse
400 2231 457 2311 rire,
486 2240 590 2312 postea
617 2237 805 2296 aecusativus
831 2234 982 2311 participii
1008 2234 1040 2292 in
1062 2234 1274 2296 nominativum

103 2325 238 2383 mutatus
259 2316 388 2403 essem)

190 2411 338 2490 1111423,
354 2416 395 2473 34
424 2415 484 2473 lbb.
515 2414 581 2474 Grr.
615 2410 712 2474 δόξαν
746 2408 872 2472 εὐνοία(
899 2407 1141 2487 προελαβόνταε
1183 2411 1202 2471 S
1228 2401 1272 2470 δι’

103 2496 283 2575 εὐαρεετίαε
309 2498 550 2578 προελαβόνταε
575 2498 628 2580 (sc.
647 2500 722 2562 roric
746 2497 862 2576 φίλου(
885 2502 961 2560 conf.
979 2522 1007 2576 p.
1023 2492 1113 2581 458).
1151 2501 1273 2560 Videtur

101 2591 198 2666 prime
224 2591 300 2650 illud
324 2587 368 2651 δι’
387 2588 568 2666 εὐαρεετίαε
592 2591 700 2650 misere
722 2596 895 2667 corruptum
916 2609 994 2667 esse,
1018 2595 1136 2666 postea,
1159 2609 1223 2649 eum
1239 2589 1271 2647 in

102 2681 303 2755 superioribus
323 2675 515 2742 ἀνακτάεθαι
534 2681 700 2756 excidisset,
719 2699 738 2738 a
756 2680 887 2750 librario,
911 2680 962 2755 qui
980 2675 1056 2738 τοὺ(
1076 2673 1191 2752 φίλου(
1209 2696 1270 2738 cum

103 2764 139 2828 εὖ
163 2769 307 2828 ποιοῡειν
325 2770 464 2846 iungeret
483 2769 724 2846 desideraretque
744 2769 892 2828 obiectum
911 2767 1062 2844 participii
1081 2760 1270 2842 προελαβόν-

1149 2847 1200 2936 700)

101 2873 171 2935 rec,
190 2859 364 2917 restitutum
383 2877 448 2917 esse
467 2853 564 2919 δόξαν
585 2853 711 2918 εὐνοία(
731 2878 747 2916 e
765 2858 861 2932 capite
880 2854 980 2915 XXIV
999 2859 1141 2915 extreme.

190 2955 336 3031 1111425,
352 2957 393 3013 32
422 2955 482 3014 lbb.
508 2955 574 3014 Grr.
602 2951 659 3014 τὸν
687 2952 843 3029 τρέχοντα
881 2954 901 3013 S
929 2949 987 3013 τὸν
1014 2948 1267 3028 παραδραμόντι.

102 3043 239 3119 Videtur,
259 3061 326 3102 eum
345 3039 597 3116 παραδραμόντα
613 3043 779 3118 excidisset,
799 3044 971 3102 coniectura
984 3043 1196 3117 interpositum
1210 3058 1266 3100 esse

101 3130 270 3207 τρέχοντα,
295 3133 373 3209 qued
396 3132 447 3192 vel
470 3137 628 3208 propterea
647 3151 737 3209 quam
756 3133 884 3191 maxime
904 3135 1076 3206 suspectum
1095 3150 1162 3190 esse
1180 3130 1268 3199 debet,

103 3222 172 3297 quia
191 3241 296 3296 parum
315 3224 454 3281 accurate
473 3240 630 3296 personam
649 3222 728 3299 eius,
748 3222 798 3298 qui
817 3222 984 3297 detinetur,
1004 3219 1161 3296 signifieat.
1197 3219 1267 3278 Nam

102 3329 195 3386 aeque
215 3311 248 3383 is,
269 3312 319 3386 qui
339 3311 462 3388 detinet,
481 3313 572 3384 atque
590 3310 625 3386 is,
644 3311 695 3386 qui
714 3311 872 3384 detinetur,
893 3312 939 3369 est
956 3300 1146 3389 rpe'xwr.⁷⁰¹)

190 3407 260 3465 XIX
274 3410 348 3478 427,
365 3409 406 3466 26
427 3408 486 3469 lbb.
504 3407 569 3467 Grr.
590 3403 779 3482 εὐεπίβατον
808 3407 828 3465 S
848 3402 1032 3483 εὔβλαπτον
1046 3397 1138 3485 (conf.
1153 3405 1268 3465 Aristot.

102 3496 138 3554 de
161 3515 227 3570 gen.
252 3497 341 3554 anim.
359 3489 460 3577 112),
487 3497 566 3573 quod
593 3516 659 3555 cum
684 3498 763 3555 forte
790 3499 962 3572 corruptum
990 3499 1082 3571 esset,
1108 3496 1268 3555 coniectura

101 3585 222 3644 videtur
250 3584 325 3643 illud
353 3580 544 3660 εὐεπίβατον
572 3586 726 3645 inventum
754 3605 831 3662 esse,
860 3585 939 3661 quod
964 3603 1017 3661 per
1041 3602 1072 3644 se
1097 3586 1135 3644 ed
1158 3600 1265 3642 murum

102 3674 213 3750 optime
232 3665 463 3753 quadrabat.⁷⁰²)

190 3781 283 3839 Perre
308 3781 401 3839 semel
425 3781 545 3854 accidiI,
570 3782 604 3838 ut
626 3779 779 3855 librarius,
803 3780 855 3856 qui
879 3783 1061 3839 structuram
1086 3799 1192 3856 parum
1209 3796 1266 3854 per·

102 3871 262 3945 aperisset,
285 3871 422 3928 lacunam
448 3870 616 3945 suspicatus
635 3868 773 3927 voculam
791 3869 994 3944 interponeret
1014 3889 1032 3927 a
1052 3870 1200 3930 sententia
1216 3867 1268 3926 Lu-

101 3960 178 4018 ciani
197 3977 319 4035 prorsus
339 3959 475 4017 alienam.
513 3958 661 4016 Videlicet

189 4048 272 4107 XXX
286 4050 360 4125 429,
377 4049 417 4106 36
447 4043 510 4121 καὶ,
539 4049 618 4124 quod
646 4044 715 4106 ant‘e
743 4040 963 4121 ἀποφράττειν
991 4047 1024 4106 in
1046 4047 1108 4106 lbb.
1134 4047 1197 4107 Grr.
1219 4047 1267 4115 est,

103 4158 159 4197 em.
184 4137 213 4198 S.
258 4136 393 4213 Egregia
421 4135 535 4194 seilicet
562 4140 608 4194 est
636 4135 784 4212 scriptura
812 4137 946 4195 versione
976 4136 1100 4213 Syriaca
1128 4150 1266 4212 expressa·

102 4227 206 4303 Neque
226 4227 304 4285 enim
323 4225 465 4284 infinitivi
483 4222 551 4283 inde
570 4225 608 4282 ab
628 4219 848 4300 ἀποφράττειν
867 4229 993 4301 pessunt
1012 4244 1030 4283 a
1048 4225 1204 4301 participio
1221 4235 1267 4280 rr·

102 4313 215 4376 λεύεα(
239 4305 376 4391 suspensi
400 4333 476 4389 esse,
501 4317 535 4371 ut
558 4314 609 4388 qui
627 4314 788 4374 manifesto
807 4333 866 4372 nen
885 4316 923 4372 ad
942 4316 1077 4374 fabulam
1096 4315 1266 4374 Honorem

102 4408 250 4482 spectent,
278 4404 330 4463 sed
353 4404 419 4480 ipse
444 4402 596 4478 scriptoris
620 4406 725 4463 centra
747 4404 926 4463 calumniam
950 4407 1111 4480 praecepta
1136 4400 1266 4463 efficient.
