2744 5130
102 264 166 328 366
388 312 393 324 ,
571 263 603 318 A.
618 262 800 319 Baumstarkr
832 343 836 350 .

190 435 234 492 De
253 433 373 509 patria
387 432 507 509 Sergii
525 433 693 492 accuratius
708 436 789 492 certo
803 434 879 491 nihil
897 453 1029 511 unquam
1044 436 1139 493 statui
1152 437 1271 511 poterit.

103 523 161 582 Sed
181 523 309 582 maxima
332 541 400 581 cum
418 523 631 598 probabilitate
654 522 762 598 aliquis
782 523 943 581 contendat
966 526 1071 582 natum
1090 543 1157 583 esse
1177 525 1274 584 virum

102 613 279 671 Resaluae
303 612 334 669 in
358 611 467 686 oppido
487 610 592 687 Syriae
615 610 768 670 orientalis
786 631 878 686 prope
898 611 995 671 fontes
1015 610 1171 673 Chaboras
1191 614 1272 673 fluvii

101 702 184 760 bidui
203 702 266 759 fere
284 701 390 759 itinere
409 700 447 759 ab
461 700 565 759 Haran
584 701 640 759 sito
647 692 695 777 69),
715 699 767 757 ubi
785 701 928 759 maiorem
942 701 1023 760 vitae
1042 704 1161 776 partem
1182 703 1270 781 degit.
1313 708 1316 753 ἴ

101 788 210 866 Syrum
233 789 353 868 quidem
376 789 496 848 natione
520 788 658 864 Sergium
682 789 773 848 fuisse
800 793 831 848 et
854 788 1001 865 Syriace
1024 791 1117 849 libros
1141 791 1272 852 Graecos

101 880 230 938 vertisse
251 880 367 937 certum
391 882 471 937 esset
498 881 529 936 et
551 877 758 952 manifestum,
784 878 930 937 etiamsi
953 879 1053 938 nullae
1080 884 1273 955 superessent

104 967 314 1043 Sergianarum
333 967 504 1026 litterarum
523 966 667 1044 reliquiae
687 965 832 1042 Syriacae.
866 967 1061 1045 Quamquam,
1079 971 1116 1027 ut
1136 969 1172 1028 de
1194 988 1273 1028 arro-

87 1056 186 1115 ribus
211 1056 425 1130 recentiorum,
449 1060 501 1131 qui
523 1056 601 1113 iufra
620 1056 773 1114 refutandi
791 1060 874 1132 sunt,
900 1059 1029 1134 taceam,
1052 1054 1274 1135 Ibnabiozeibia
1299 1070 1303 1075 ’

103 1164 171 1203 eum
190 1146 280 1218 etiam
300 1145 453 1204 Arabica
473 1144 625 1220 scripsisse
644 1147 740 1219 putat.
760 1137 787 1225 ⁰)
819 1144 855 1203 In
874 1164 1013 1223 errorem,
1033 1145 1084 1222 qui
1102 1148 1192 1206 nobis
1212 1147 1274 1207 iura
1294 1184 1299 1192 ·

102 1233 241 1294 videatur
258 1234 457 1310 foedissimus,
477 1253 511 1293 eo
526 1233 643 1292 facilius
659 1235 746 1292 homo
757 1234 866 1300 ¹doctus
881 1234 980 1293 Arabs
999 1234 1128 1294 incidere
1145 1239 1275 1312 poterat,

31 1351 40 1367 ·
104 1323 182 1398 quod
201 1343 271 1382 cum
287 1323 324 1380 de
343 1325 441 1382 aetate
458 1323 557 1399 Sergii
573 1323 764 1382 Resalnensis
783 1323 858 1381 nibil
876 1342 1002 1400 usquam
1022 1325 1096 1382 certi
1115 1326 1273 1398 inveniret,

104 1438 210 1494 parum
235 1420 321 1478 illum
346 1419 486 1479 discrevit
509 1440 527 1479 a
550 1421 664 1480 minore
688 1420 816 1498 quodam
841 1419 959 1498 Sergio,
986 1441 1073 1496 quem
1096 1442 1224 1508 (γῆν
1248 1413 1276 1477 ta

104 1527 272 1646 (Qun
289 1529 376 1632 um)
400 1536 534 1620 appellat
553 1547 584 1603 et
605 1563 722 1631 summa
745 1544 819 1604 artis
842 1545 974 1619 medicae
999 1545 1108 1621 peritia
1131 1547 1276 1623 librisque

103 1661 241 1737 plurimis
260 1679 276 1718 e
296 1679 430 1718 sermone
451 1658 573 1735 Syriaco
591 1660 622 1717 in
646 1660 806 1719 Arabicum
831 1661 985 1720 translatis
1008 1661 1151 1721 claruisse
1170 1661 1277 1720 scribit

104 1751 187 1826 ng.
204 1740 323 1828 204.⁷¹)
358 1749 443 1806 Idem
467 1748 538 1807 fecit
560 1748 806 1826 Ibnennadimus,
833 1769 900 1809 cum
923 1751 955 1809 in
977 1751 1053 1810 libro
1073 1769 1127 1809 suo
1147 1750 1277 1810 celeber-

105 1825 226 1916 rimoll)
253 1838 422 1896 versionem
450 1839 481 1894 et
508 1838 717 1912 supplementa
744 1857 889 1898 canonum
918 1840 1098 1898 medicorum
1126 1840 1277 1899 tribueret

105 1928 150 1985 illi
168 1927 218 1984 Ma
236 1919 340 2002 Sirg'is.
384 1925 420 1983 Id
439 1926 519 2003 quod
537 1926 602 1984 iure
620 1927 726 1986 fecisse
747 1928 829 1987 nullo
849 1927 935 1988 modo
957 1931 1066 2004 potest.
1111 1929 1162 1987 Ma
1180 1925 1277 2005 Sirg‘is

73 2036 79 2047 ·
107 2016 185 2075 enim
213 2015 385 2073 auctoribus
414 2018 446 2073 et
471 2015 694 2074 Ibnabiozeibia
722 2019 752 2075 et
775 2016 990 2077 lbnennadimo
1015 2017 1153 2092 Syriacos
1181 2018 1276 2078 libros

106 2104 234 2163 Arabica
257 2103 381 2162 reddere
401 2105 523 2163 solebat.
562 2103 776 2180 Supplementa
799 2109 900 2164 autem
924 2125 1067 2165 canonum
1093 2107 1276 2166 medicorum

109 2193 237 2252 Abronis
256 2192 464 2251 Barhebraeus
484 2191 628 2268 Syrorum
652 2194 783 2252 omnium
806 2195 895 2252 facile
914 2195 1117 2270 doctissimus,
1141 2195 1190 2253 cui
1209 2197 1297 2270 plus·

107 2286 187 2341 certe
214 2282 285 2340 fidei
308 2281 476 2358 habendum
500 2286 546 2340 cst
570 2283 601 2340 in
623 2283 727 2354 rebus,
756 2302 832 2358 quae
861 2284 898 2341 ad
921 2284 1078 2343 historiam
1104 2284 1276 2342 litterarum

108 2371 298 2448 Syriacarum
322 2372 471 2446 spectant,
495 2389 513 2428 a
532 2370 608 2446 Syro
628 2371 766 2447 Syriacae
784 2372 915 2431 versioni
934 2372 1016 2432 Gosii
1036 2365 1148 2452 (desii)
1175 2374 1278 2432 addita

108 2479 173 2520 esse
194 2459 349 2536 significat
364 2533 369 2540 ,
384 2458 507 2518 Accedit
525 2464 560 2518 ut
579 2478 613 2518 eo
633 2479 751 2536 quoque
770 2461 933 2520 auctoritas
947 2461 1155 2520 Ibnennadimi
1174 2463 1278 2521 infrin-

47 2575 49 2578 ⁴
108 2554 206 2626 gatar,
225 2550 304 2626 quod
322 2548 411 2623 plane
428 2547 568 2624 ignorare
582 2549 701 2607 videtur
719 2568 816 2624 neque
830 2551 869 2608 ab
884 2551 988 2610 eodem
1002 2569 1129 2609 canones
1144 2550 1277 2624 Abronis

31 2678 38 2687 -
108 2639 270 2697 translatos
290 2655 367 2714 esse,
391 2637 443 2713 qui
465 2637 558 2712 libros
580 2637 770 2713 trigesimum
793 2657 885 2696 uuum
910 2642 941 2698 et
963 2640 1091 2698 alterum
1115 2659 1208 2699 novos
1228 2641 1276 2698 ad-

108 2727 179 2786 iecit
196 2744 292 2802 neque
312 2726 433 2801 abipso
452 2726 575 2784 Abrone
595 2725 715 2802 Syriaca
739 2727 866 2802 scriptos
885 2747 950 2788 esse
974 2728 1027 2787 sed
1046 2727 1168 2788 Graece.
1205 2729 1277 2788 Ver-

110 2817 223 2875 sionem
241 2815 335 2891 igitur
353 2814 497 2873 librorum
511 2815 642 2874 Abrouis
661 2835 684 2877 a
697 2814 802 2892 Sergio
820 2820 1053 2876 retractatorum
1072 2819 1103 2875 et
1121 2821 1275 2876 auctorum

109 2904 270 2963 Arabicam
289 2922 355 2961 cum
369 2903 601 2972 Ibnennadimus
620 2904 791 2981 invenisset,
811 2923 886 2980 quae
901 2906 964 2964 sine
980 2906 1089 2985 Arabis
1103 2907 1276 2982 interpretis

111 2994 230 3052 nomine
244 2992 407 3064 ferebatur,
418 2990 557 3068 Sergium
570 2992 656 3050 illum
671 2993 813 3052 maiorem
829 2995 949 3053 natione
960 2994 1068 3070 Syrum
1083 3013 1150 3052 cum
1163 2996 1278 3054 minore

111 3083 161 3140 Ma
180 3075 274 3158 Sirg‘is
295 3080 435 3154 confudit,
456 3084 491 3139 ut
509 3100 597 3156 quem
612 3082 739 3141 Arabica
758 3082 912 3157 scripsisse
930 3083 1026 3142 sciret.
1059 3082 1200 3142 Ceterum
1219 3085 1278 3143 iam

111 3170 278 3245 antiquitus
297 3171 425 3228 multum
451 3170 487 3228 de
506 3188 651 3229 anonam
671 3171 853 3230 medicorum
872 3172 986 3248 origine
1010 3175 1040 3231 et
1063 3173 1279 3248 interpretibus

112 3261 282 3318 dubitatum
302 3278 366 3319 esse
384 3260 432 3318 vel
451 3259 520 3319 inde
538 3260 635 3334 patet,
655 3261 733 3335 quod
752 3261 815 3319 sine
835 3262 1087 3320 controversiain
1105 3262 1201 3320 indice
1220 3282 1279 3320 me-

112 3349 244 3408 dicorum
256 3348 409 3435 ‘Syrorum
433 3367 451 3406 a
474 3348 663 3408 Barhebraeo
682 3349 808 3409 aliorum
831 3351 868 3408 de
887 3351 1047 3409 canonibus
1066 3351 1197 3410 Abronis
1216 3369 1279 3409 sen-

29 3460 34 3467 ·
112 3439 225 3499 tentiae
244 3439 465 3512 oppugnantur.
502 3437 560 3495 Sed
582 3440 653 3497 haec
675 3441 830 3514 tamquam
854 3440 885 3497 in
909 3441 1082 3498 transcursu
1105 3441 1280 3499 monuerim.

112 3526 192 3586 Illud
215 3526 334 3601 quidem
358 3545 393 3584 ex
416 3527 566 3586 erroribus
586 3527 721 3585 Arabum
744 3527 883 3602 cognosci
904 3529 1017 3602 potest,
1042 3528 1121 3604 quod
1144 3530 1281 3604 quamvis

112 3616 198 3692 parvi
214 3611 357 3673 momenti
378 3633 444 3673 esse
467 3615 617 3693 videatur,
640 3616 769 3674 multum
792 3617 875 3675 valet
898 3616 935 3674 ad
959 3616 1169 3692 gravissimam
1193 3637 1282 3694 quac-

115 3706 241 3764 stionem
269 3703 499 3783 profligandam,
531 3705 715 3780 temporibus
742 3705 950 3763 Ibnennadimi
983 3709 1014 3764 et
1040 3706 1282 3766 Ibnabiozeibiae
1311 3712 1316 3723 ’

114 3795 302 3853 circumlatos
326 3812 390 3852 esse
418 3786 481 3853 sine
509 3794 681 3870 interpretis
703 3793 823 3852 nomine
850 3794 946 3853 libros
970 3793 1068 3870 Sergii
1090 3794 1281 3856 Resai'nensis

114 3883 241 3942 Arabica
259 3901 371 3942 versos.

203 3990 272 4048 Non
290 3990 412 4049 maioris
432 3989 619 4048 auctoritatis
639 3993 686 4048 est
709 3989 912 4049 testimonium
932 3989 1171 4049 Ibnabiozeibiae
1195 4011 1282 4067 quam

114 4080 146 4138 in
164 4079 231 4153 bac,
257 4079 293 4137 de
312 4097 372 4161 qua
389 4077 476 4138 modo
496 4078 762 4157 disputatumest,
784 4079 957 4153 quaestione
975 4079 1007 4137 in
1025 4079 1213 4139 aestimanda
1232 4100 1283 4157 ea,

116 4187 206 4245 quae
224 4169 260 4226 in
279 4166 406 4245 Sergio
424 4167 550 4240 fuerit,
569 4170 647 4224 arte
665 4167 937 4241 interpretandi
954 4168 1134 4243 praesertim
1153 4188 1220 4228 cum
1240 4189 1283 4228 se·

116 4257 265 4333 cumipse
284 4257 320 4315 de
339 4256 473 4316 hocloco
492 4256 619 4330 scriptor
637 4248 760 4332 pugnet.
792 4255 856 4314 Iam
877 4258 955 4315 enim
975 4257 1110 4316 doctrina
1129 4260 1284 4335 egregium

118 4345 253 4420 Sergium
272 4345 367 4404 fuisse
384 4344 549 4423 praedicat,
573 4345 632 4402 iam
650 4363 758 4419 parum
777 4345 921 4404 sermonis
940 4345 1073 4406 Graecae
1090 4346 1122 4404 in
1140 4348 1284 4407 vertendo

116 4434 246 4512 peritum
274 4433 435 4493 contendit.
471 4432 672 4492 Vehementer
699 4451 804 4492 vereor
836 4453 872 4494 ne
901 4435 1121 4496 Ibnabiozeibia
1154 4436 1285 4512 ipsarum
