2766 5130
99 242 165 306 462
565 236 597 292 A.
616 237 797 294 Baumsterlr:

191 409 264 468 VIH
279 411 351 487 424,
368 412 408 466 12
423 427 445 468 s.
470 402 716 482 ἀποφράξαντες
734 404 774 468 τὰ
793 402 873 482 ὦτα,
898 427 974 483 quae
993 407 1160 466 manifesto
1181 427 1217 467 ex
1235 427 1276 466 su-

102 499 269 667 {⁰¹i‘}¹,i,3u⁵
283 492 603 571 προκαταλαμβάνων
618 493 717 556 αὐτοῦ
732 493 771 556 τὰ
782 491 849 555 ὦτα
860 493 910 556 καὶ
921 491 1150 572 ἀποφράττων
1164 500 1272 572 sumpta

118 592 172 646 unt

190 684 266 744 VIII
280 685 355 757 424,
371 685 411 741 14
435 680 473 742 τὸ
497 678 619 742 δίκαιον
638 680 689 742 καὶ
706 680 744 742 τὸ
763 678 898 756 νόμιμον
917 679 982 757 καὶ,
1006 702 1074 742 oum
1095 685 1195 742 solum
1211 705 1264 760 ρης

103 776 206 832 batum
231 773 271 831 sit
294 729 473 832 oaldmniam
499 790 558 831 non
577 772 639 830 fieri
661 768 741 831 κατὰ
758 769 816 831 τὸν
835 766 935 845 ὅρκον
953 768 1011 831 τὸν
1031 764 1261 856 δικαςτικόν777),

194 872 307 943 44425,
317 873 370 929 4s
390 866 448 930 τὸν
467 867 530 943 πρὸ
549 865 657 943 αὑτοῦ,
677 870 755 945 quod
769 870 963 928 manifestum
976 870 1260 946 interpretamentum

105 964 151 1019 est
170 961 206 1018 ad
227 955 394 1020 verberor
413 955 546 1031 πληςίον
565 960 648 1016 addit
635 949 769 1040 47777777),
1267 954 1275 961 ·

193 1049 297 1106 XVIII
311 1051 384 1121 427,
401 1049 439 1105 11
457 1066 479 1106 s
498 1044 549 1106 καὶ
567 1043 620 1106 διὰ
638 1046 734 1106 τοῦτο
753 1044 960 1108 ἐξελαθέντας
980 1043 1031 1106 καὶ
1049 1048 1108 1122 τῆς
1121 1048 1180 1107 rot
1193 1048 1273 1124 βοο-

106 1136 188 1197 λέως
208 1131 334 1196 εὐνοίας
348 1131 553 1210 ἐκπεςόντας,
572 1137 665 1196 verba
678 1137 766 1210 plane
782 1154 1011 1211 supervacanea,
1031 1137 1141 1212 quibus
1156 1137 1275 1197 aoerbao

105 1227 232 1286 facetiae
252 1227 410 1285 uerborum
425 1219 604 1284 diotericus
618 1224 675 1299 τῆς
688 1218 921 1298 Ἠφαιςτίωνος
935 1218 1102 1299 θειότητος
1116 1226 1259 1286 miserrime

105 1316 284 1374 hebetantur
293 1305 354 1394 715),
1279 1294 1285 1387 l

194 1403 264 1462 XIX
279 1405 351 1479 427,
369 1406 408 1463 29
438 1399 488 1461 καὶ
515 1397 751 1477 uutouc1,quue
780 1404 939 1462 manifesta
961 1403 1171 1478 interpretatio
1194 1400 1285 1487 vettii

106 1495 195 1569 paulo
216 1491 416 1568 exquisitioris
436 1490 614 1564 πυρπολεῖν
634 1511 665 1551 ee
666 1483 746 1569 7477),

195 1590 249 1648 XX
265 1591 338 1662 427,
355 1592 393 1649 31
413 1608 434 1648 s
459 1585 538 1647 κατὰ
561 1589 619 1649 τοῦ
642 1583 796 1662 ἀπόντος,
821 1607 896 1665 quae
920 1593 1001 1648 reete
1024 1608 1085 1649 non
1110 1591 1215 1650 habere
1232 1589 1261 1648 al

88 1686 197 1737 'unum
218 1698 319 1738 omnes
339 1679 519 1736 recentiores
539 1677 666 1737 editores
687 1681 852 1755 senserunt,
871 1697 938 1736 oum
951 1678 1119 1738 seriberent
1131 1696 1207 1739 κατα
1216 1695 1261 1738 του

108 1759 352 1845 ἀκούοντος777),

196 1855 295 1912 XXIV
310 1857 383 1930 428,
400 1856 480 1916 247.
504 1851 554 1914 καὶ
576 1851 613 1914 τὸ
638 1855 725 1929 μῖςος
749 1852 784 1914 ἐν
806 1850 893 1933 αὑτῷ
917 1849 1142 1916 κατάκλειςτον
1165 1851 1285 1929 αὔξειν,

110 1963 185 2019 quae
200 1943 340 2002 manifest
342 1963 359 2000 a
373 1963 405 2000 111
405 1945 581 2020 terpretatio
595 1944 755 2004 verborum
769 1939 964 2018 ὑποτρέφειν
978 1942 1038 2019 τὴν
1054 1942 1154 2019 χολήν
1166 1963 1195 2004 ee
1196 1935 1261 2023 4777),
1253 1900 1285 1969 7

198 2041 296 2099 XXIV
311 2042 385 2114 428,
400 2044 441 2100 29
461 2039 480 2115 ἢ
499 2058 566 2101 των
585 2033 916 2123 διαβαλλομένων777),

197 2129 328 2188 XXVIII
342 2132 415 2204 429,
432 2132 472 2189 32
488 2150 510 2189 s.
530 2132 623 2190 verba
641 2127 744 2190 οὕτως
767 2161 801 2170 -
825 2123 1031 2210 tuaquom),

111 2239 245 2279 summa
264 2236 339 2277 oum
357 2219 621 2293 probabilitate

197 2308 244 2367 III
259 2309 331 2380 422,
348 2309 427 2367 28s
458 2325 506 2366 και
534 2308 635 2367 ταῦτα
663 2303 698 2367 εὖ
727 2305 899 2367 πεπονθὼς
924 2301 982 2366 ὑπ’
1006 2303 1107 2368 αὐτοῦ
1130 2305 1180 2368 καὶ
1199 2297 1259 2378 παρ’

110 2394 258 2457 ὁντινοῦν
277 2396 342 2454 τῶν
362 2392 547 2470 ὁμοτέχνων
567 2388 838 2477 τετιμημένος777),

199 2484 456 2559 7111424164.
485 2485 716 2559 παραινοῦντες
745 2481 865 2544 δικαίας
895 2482 945 2544 καὶ
973 2479 1102 2560 ἀμερεῖς
1127 2485 1257 2546 ποιεῑςθαι

109 2571 167 2634 τὰς
186 2566 366 2654 κρίςεις777),

198 2663 284 2721 XXII
298 2665 371 2735 428,
389 2665 429 2722 10
448 2659 498 2721 καὶ
517 2658 592 2721 οὐδὲ
613 2661 764 2737 δυςχερής
782 2659 801 2737 ἡ
821 2658 889 2736 νίκη
910 2657 1032 2735 γένοιτ’
1051 2655 1154 2744 47777)

200 2772 332 2844 Denique
356 2771 448 2829 semel
470 2770 502 2827 in
526 2771 689 2845 archetypo
708 2772 876 2829 nostrorum
896 2770 1032 2829 oodioum
1051 2771 1174 2847 antiqua
1191 2783 1257 2843 quae·

112 2860 180 2917 dam
199 2860 334 2917 lectionis
354 2860 493 2930 varietas,
512 2878 588 2933 quae
608 2863 673 2916 erat
692 2860 722 2915 in
741 2861 914 2934 apographo
930 2858 1083 2936 Sergiano,
1103 2861 1135 2916 in
1147 2855 1258 2931 margine

111 2953 199 3006 antea
222 2947 373 3022 adscripta
397 2948 516 3006 videtur
539 2966 696 3023 perperam
720 2950 871 3006 contextui
893 2949 1054 3007 uerborum
1078 2950 1189 3006 inserta
1204 2959 1277 3016 4777,-

112 3037 224 3096 soilioet

200 3134 288 3192 XVII
302 3137 375 3204 426,
392 3136 470 3193 364.
495 3134 555 3191 lbb.
576 3132 641 3192 Grr.
670 3148 752 3192 νεως
779 3150 814 3192 τε
843 3127 1017 3207 ἀνέςτηςαν
1045 3129 1077 3192 αἱ
1100 3127 1205 3192 πόλεις
1223 3121 1285 3274 καὶ)

112 3221 224 3296 τεμένη
249 3221 436 3296 καθιδρύετο
459 3220 510 3281 καὶ
536 3218 634 3297 βωμοί
669 3221 688 3279 8
707 3219 790 3281 νεως
808 3237 842 3280 τε
863 3216 1030 3282 ἀνίεταςαν
1049 3209 1140 3303 (conf.
1159 3242 1186 3297 p
1199 3205 1285 3353 45),

112 3310 162 3372 καὶ
183 3309 282 3387 βωμοὶ
300 3308 523 3386 καθιδρύοντο,
547 3312 625 3369 ubi
617 3330 648 3369 un
667 3311 815 3370 codicibus
837 3307 936 3384 βωμοί
955 3330 992 3370 ue
1010 3330 1079 3371 oum
1097 3303 1285 3411 καθιδρύετο,

112 3402 256 3477 iungatur
278 3421 432 3474 numerus,
459 3422 496 3459 ne
520 3419 585 3458 oum
612 3397 840 3473 ἐπετελοῦντο,
867 3401 945 3500 quod
964 3401 1114 3477 sequitur,
1138 3401 1199 3476 ipse
1214 3356 1285 3457 47777

112 3490 197 3549 verbi
211 3492 292 3550 notio
308 3491 344 3548 de
360 3491 557 3549 sacrifieiist
525 3510 541 3550 e
544 3490 714 3565 tsupplioat
701 3489 832 3548 tionibus
842 3508 961 3565 proprie
970 3490 1111 3564 usurpati
1106 3447 1261 3560 4477444777)

202 3598 283 3657 Haeo
302 3599 364 3656 fere
383 3616 461 3656 nova
480 3616 516 3656 er
535 3595 670 3656 versione
685 3595 809 3672 Syriaca
824 3597 1023 3655 innotescunt.
1043 3595 1255 3654 -niueutan

113 3692 177 3747 tum
201 3706 255 3763 pro
280 3686 451 3745 oonieotura
473 3705 567 3762 pauca
590 3686 699 3743 addere
723 3684 759 3743 de
783 3684 938 3757 ratione,
968 3703 1058 3759 quae
1082 3685 1178 3743 inter
1197 3696 1261 3754 apo·

114 3777 287 3852 graphum
306 3775 517 3852 Sergianum
541 3778 576 3833 et
563 3773 741 3832 teodioes
761 3773 931 3846 Graecos,
955 3773 1017 3848 qui
1042 3776 1201 3833 nostram
1221 3783 1264 3824 77·

114 3885 180 4010 que
208 3868 363 3924 aetatem
388 3865 524 3923 servati
546 3866 643 3935 sunt,
671 3863 816 3923 videtur
839 3862 1081 3921 intercedere.
1127 3854 1264 3935 conspirat

115 3953 200 4012 8447
219 3973 286 4012 oum
306 3953 382 4013 Guel
383 3954 483 4029 ferbyt
485 3971 541 4011 ano
561 3951 587 4010 G

201 4052 300 4123 1422,
313 4054 330 4110 6
348 4051 399 4109 88
414 4044 493 4109 κατὰ
507 4065 572 4108 των
587 4045 711 4108 παίδων
726 4049 834 4124 reliqui
847 4048 908 4107 lbb.
919 4045 986 4106 Grr
1000 4043 1081 4107 κατὰ
1091 4043 1211 4107 παίδων

202 4140 245 4199 IV
255 4142 329 4216 422
340 4143 379 4199 37
397 4137 635 4212 θμεταγνῶναι
655 4138 764 4214 reliqui
778 4137 838 4196 Ibb
851 4136 917 4195 Grr
932 4132 1137 4211 αἰςχυνθῆναι
1157 4136 1264 4210 sputu·

115 4230 235 4301 γνῶναι
254 4227 305 4289 καὶ
324 4218 595 4308 αἰςχονθῆναι777),

202 4320 260 4377 XII
279 4321 352 4393 425,
369 4320 408 4376 29
430 4310 515 4375 GS'
501 4313 734 4386 ανταγωνιςτὰς
753 4317 860 4390 reliqui
880 4315 939 4373 lbb
953 4313 1021 4373 Grr.
1042 4307 1212 4386 ἀγωνιςτὰς
1218 4294 1264 4384 777)

115 4409 161 4466 bis
181 4427 248 4466 oum
268 4406 437 4466 Monacensi
457 4406 480 4463 P

1217 4031 1263 4118 ο
