2744 5130
446 262 667 318 Lucubrationes
686 260 900 332 Syro-Graecae.
1194 261 1260 327 405

88 433 207 508 accepit.
246 429 333 501 Quod
353 431 431 490 eniin
451 423 625 510 Oderus²⁶¹)
650 432 803 491 contendit
821 421 1009 508 Diophanem
1034 435 1137 508 spreta
1158 451 1260 509 super-

88 521 206 583 stitione
224 520 416 580 Democritea
438 521 492 580 illa
515 522 634 581 tantum
657 522 693 579 de
717 541 749 578 16
772 521 885 580 rustica
904 524 1063 596 praecepta
1086 521 1257 601 tradidisse,

88 629 160 688 qnae
175 611 294 671 ratione
314 613 344 669 et
358 610 542 686 experientia
557 610 829 687 comprobarentur,
850 628 884 668 ea
898 628 1043 686 perquam
1056 610 1169 669 lubrica
1189 630 1258 669 eou-

88 698 197 761 1611116
215 698 345 759 hominis
365 697 444 758 docti
463 703 523 773 est,
546 718 622 777 quae
645 699 677 757 in
697 718 812 758 summa
835 700 1074 775 fragmentorum
1093 699 1256 774 Diophanis

88 779 268 869 penuria362)
291 807 388 864 neque
410 789 533 863 probari
551 792 652 864 potest
674 807 769 866 neque
792 791 874 847 certo
897 788 1032 847 refutari.
1056 821 1093 828 -
1114 788 1157 847 Ut
1176 807 1255 848 sum·

88 892 163 939 mam
185 877 399 954 disputationis
423 879 615 954 complectar,
645 878 839 937 Anatolius
868 878 903 935 in
927 878 1187 938 conscribendo
1216 879 1257 938 de

88 967 322 1047 generatione
341 969 376 1026 et
394 967 571 1027 medicina
589 966 797 1025 animalium
816 965 912 1024 libro
927 965 1014 1026 duos
1028 967 1256 1042 potissimum

90 1055 202 1117 tontes
227 1055 441 1132 compilavit
463 1057 617 1133 Apsyrti
641 1056 681 1114 de
705 1055 881 1114 medicina
904 1055 1130 1115 veterinaria
1153 1075 1255 1132 prae-

90 1150 186 1222 cepta
204 1149 240 1206 et
259 1147 381 1205 costos
402 1143 503 1204 Sexti
522 1145 610 1203 Iulii
628 1144 800 1204 Africani.

88 1270 95 1277 ·
171 1252 269 1313 Multo
287 1252 387 1311 minus
406 1252 446 1310 de
466 1251 679 1312 auctoribus
699 1252 905 1328 eclogarum
927 1271 963 1310 ex
981 1251 1112 1326 epitoma
1133 1234 1257 1328 Syriaca

95 1344 123 1401 et
136 1340 402 1421 versioneKostae
422 1340 557 1400 afficitur.
603 1340 682 1398 Illud
701 1342 820 1399 tantum
839 1339 968 1400 maxima
985 1359 1052 1399 cum
1071 1341 1168 1415 specie
1187 1361 1256 1415 pro-

92 1428 250 1490 babilitatis
269 1429 414 1490 affirmari
432 1432 534 1506 potest
553 1430 742 1506 Africanum,
768 1449 856 1505 quem
875 1430 905 1487 in
924 1430 1021 1504 priore
1041 1429 1116 1488 libro
1135 1430 1255 1504 potissi-

88 1536 163 1578 mum
185 1523 339 1579 auctorem
365 1519 485 1594 praeter
508 1519 677 1596 Apsyrtum
705 1518 874 1593 habuisset,
903 1518 993 1577 etiam
1019 1518 1050 1576 in
1079 1519 1188 1594 eclogis
1217 1519 1253 1578 ab
1301 1583 1305 1590 ,

90 1606 223 1669 Anatolio
241 1606 340 1684 magis
360 1607 553 1684 compilatum
573 1627 651 1684 esse,
675 1628 764 1685 quam
789 1627 825 1667 ex
843 1607 942 1666 ieiuna
960 1610 1116 1666 auctorum
1136 1626 1254 1667 enume-

88 1697 209 1775 nh'one',
236 1716 327 1774 quam
346 1696 472 1756 Photius
492 1698 676 1774 suppeditat,
699 1696 788 1756 facile
811 1700 930 1772 poterat
948 1695 1057 1773 colligi.
1094 1696 1255 1756 Praeterea

88 1802 161 1846 nova
177 1786 280 1864 aliqua
298 1785 429 1846 Sotionis
448 1787 618 1864 fragmenta
636 1785 735 1846 versio
750 1786 881 1852 Arabica
899 1785 1026 1845 exhibet.
1060 1786 1118 1844 Sed
1139 1787 1175 1844 de
1193 1786 1253 1845 illis

88 1872 238 1951 disputare
256 1877 381 1952 longum
399 1879 472 1936 erat.

168 1981 275 2058 Neque
294 1981 373 2041 enim
392 1982 429 2041 ad
448 1981 541 2041 libros
555 1980 690 2041 Anatolii
709 2000 724 2040 e
739 1981 916 2057 fragmentis
930 1982 1075 2041 versionis
1091 1981 1253 2060 Sergianae

88 2069 253 2131 reficiendos
278 2074 309 2131 et
331 2069 505 2130 iudicandos
528 2071 585 2130 nisi
609 2070 769 2146 quaedam,
797 2073 830 2128 ut
850 2069 891 2128 sic
909 2069 1047 2145 dixerim,
1072 2071 1254 2131 lineamenta

88 2158 283 2236 'acquisitionis
312 2179 477 2236 proponere
505 2160 651 2221 volebam.
697 2160 742 2218 Ea
769 2158 896 2234 singulis
925 2159 1101 2219 examinatis
1130 2161 1253 2237 probari

88 2250 151 2310 lanc
172 2252 294 2326 tempus
320 2249 392 2326 erit,
416 2269 482 2308 cum
504 2249 661 2324 parabitur
683 2249 802 2324 integra
823 2248 1060 2324 fragmentorum
1078 2249 1213 2309 Anatolii
1237 2269 1252 2308 6

88 2334 257 2414 Geoponicis
276 2337 406 2415 Graecis,
426 2338 557 2414 epitoma
575 2336 707 2414 Syriaca,
727 2337 862 2396 versione
882 2337 1004 2416 Rostae,
1023 2336 1109 2396 libris
1123 2337 1252 2397 Palladii

88 2431 290 2506 congestorum
309 2426 409 2487 editio.
442 2427 547 2486 Parari
566 2430 667 2486 autem
687 2445 753 2485 eam
769 2425 929 2485 editionem
944 2445 1018 2501 opus
1033 2429 1087 2504 est,
1106 2445 1142 2485 ne
1158 2446 1252 2503 usque

88 2514 183 2576 hillo
207 2516 379 2596 litterarum
403 2517 594 2593 antiquarum
617 2534 739 2592 genere,
762 2518 793 2573 in
817 2535 873 2591 quo
893 2518 927 2573 ut
947 2515 1125 2574 solidissimo
1144 2516 1251 2575 funda-

88 2608 176 2666 mento
206 2605 347 2666 scientiae
375 2606 470 2664 adniti
498 2607 659 2683 possimus,
688 2604 832 2680 singulari
860 2604 998 2663 ubertate
1025 2605 1185 2664 memoriae
1209 2605 1250 2679 fit,

88 2708 238 2771 puerorum
257 2696 354 2756 instar
370 2713 534 2774 versemur,
553 2694 604 2773 qui
622 2695 653 2752 in
671 2693 803 2753 tenebris
823 2695 931 2753 errant.

88 2982 110 3041 Β.
135 2986 182 3042 De
205 2983 422 3041 versionibus
445 2982 671 3054 philosophici
694 2982 888 3052 argumenti
906 2981 978 3038 sine
997 2982 1132 3039 nomine
1151 2983 1251 3040 inter·

140 3091 246 3164 pretia
268 3092 422 3160 servatis,
447 3103 535 3160 quae
559 3090 674 3161 Sergio
698 3089 857 3146 videntur
879 3088 1082 3145 tribuendae
1106 3103 1189 3149 esse.

88 3246 116 3311 A
132 3248 159 3308 8.
178 3267 228 3326 pg.
248 3249 311 3308 134
326 3266 399 3329 6.,6.;
429 3251 491 3308 167
508 3266 530 3307 6.
546 3267 580 3326 s.¹
596 3247 619 3306 L
640 3245 668 3306 S.
688 3266 736 3323 pg.
754 3250 770 3306 1
788 3264 848 3306 ss.
877 3243 911 3302 G.
931 3244 1107 3303 Hoffmanni
1126 3264 1251 3306 censura

141 3337 324 3398 ineditorum
353 3336 542 3414 syriacorum
570 3335 707 3396 Sachavii
735 3336 764 3394 in
793 3332 1001 3408 Ghttingische
1026 3334 1163 3411 gelehrte
1188 3335 1248 3394 An·

141 3427 244 3504 zeigen
267 3427 356 3486 unter
381 3426 434 3485 der
456 3424 595 3485 Aufsicht
615 3426 667 3483 der
686 3425 803 3502 Kdnigl.
824 3422 1026 3483 Gcsellschaft
1045 3424 1097 3482 der
1116 3423 1249 3484 Wissen·

143 3516 288 3579 schaften.
319 3516 413 3575 1871.
443 3514 534 3574 Sttick
550 3517 600 3575 31.
637 3500 720 3573 iiber
747 3515 803 3572 den
823 3511 1052 3572 textlrritischen
1072 3512 1178 3572 Werth
1198 3514 1251 3574 der

143 3604 305 3682 Syrischen
314 3589 560 3680 llbersetzungen
571 3603 777 3663 Grieohiecher
786 3601 943 3661 Klassiker
952 3621 1010 3661 von
1017 3603 1123 3662 Victor
1133 3604 1250 3681 Ryssel,

141 3694 267 3773 Leipzig
287 3695 379 3754 1880.
403 3694 495 3753 1881.
538 3691 746 3752 Gildemeister
773 3692 805 3750 in
828 3691 905 3749 Mus.
929 3691 1023 3752 Rhen.
1048 3694 1104 3752 vol.
1126 3692 1250 3754 XXVII,

140 3804 191 3861 pg.
207 3784 271 3844 439
283 3802 304 3842 6.
320 3802 343 3841 6.
363 3785 461 3844 591s.
477 3800 500 3842 6.
536 3781 690 3841 Editiones
712 3780 840 3840 Graecas
864 3781 988 3840 adhibui
1010 3781 1165 3857 Isocratis,
1188 3782 1250 3840 Lu-

140 3872 234 3945 61611,
256 3871 426 3949 Themistii,
448 3871 603 3930 Plutarchi
622 3888 681 3948 eas,
701 3889 775 3946 quas
794 3872 900 3946 postea
919 3870 1086 3929 accuratius
1105 3871 1249 3949 indicabo,

140 3960 316 4022 Aristotelis
339 3961 423 4020 iussu
447 3964 478 4019 et
501 3961 679 4019 auctoritate
703 3959 871 4018 academiae
894 3960 996 4035 regiae
1015 3959 1188 4019 Borussicae
1213 3980 1249 4019 ex

138 4049 313 4112 recensione
330 4049 524 4109 Immanuelis
543 4048 673 4108 Bekkeri
690 4049 809 4108 factam.

160 4174 336 4237 Intricetior
359 4176 451 4235 etiam
475 4178 506 4234 et
529 4174 680 4234 difficilior
698 4173 737 4232 ad
756 4173 979 4234 diiudicandum
998 4191 1087 4248 quam
1106 4172 1142 4231 de
1162 4172 1247 4232 libris

88 4266 216 4330 lindanii
245 4265 378 4324 Anatolii
407 4264 524 4342 Berytii
553 4263 673 4341 Syriaco
707 4264 801 4323 versis
831 4263 966 4340 quaestio
995 4263 1041 4320 est
1069 4262 1105 4320 de
1133 4261 1248 4336 origine

88 4359 245 4421 arsionum
262 4353 455 4431 Isocratis,
483 4351 648 4428 Luciani,
672 4353 879 4428 Themistii,
906 4350 1096 4411 Plutarchi
1115 4349 1248 4427 Syriaca-

88 4468 150 4528 am,
179 4463 259 4525 quae
288 4444 352 4504 sine
378 4443 497 4503 nomine
521 4442 694 4519 interpretis
718 4446 854 4502 servatae
880 4444 958 4501 aunt.
999 4440 1144 4501 Omnibus
1168 4440 1247 4500 enim
