2766 5130
428 251 647 309 Lucubrationcs
667 253 878 322 Syro-Graecae.
1174 254 1239 319 479

10 443 43 483 en
69 426 150 482 natus
171 422 226 483 sis.
264 421 331 480 Etsi
350 421 504 481 luctentur
523 424 641 497 fratres,
661 423 732 500 quid
751 427 805 483 tua
822 423 969 482 interest?
1002 423 1066 499 Ipsi
1085 424 1163 482 enim
1182 424 1241 483 fra-

10 533 43 572 n.
68 516 121 572 tres
142 513 220 571 sunt
238 514 270 570 et
288 511 518 571 reconciliantur
537 515 567 571 et
585 514 780 589 contemnunt
798 516 829 571 te
848 513 999 571 mentibus
1019 510 1109 572 suis.“

151 603 208 661 36.
232 600 309 676 „Per
327 600 473 678 semitam,
493 601 544 659 ubi
563 602 627 660 rixa
645 603 699 675 cst,
719 620 790 661 cave
806 603 940 661 transeas
955 621 992 660 ne
1007 601 1059 660 ubi
1080 602 1243 676 transieris,

10 695 37 747 εἰ
66 691 142 749 nale
167 690 300 766 habeas,
326 693 380 748 aut
403 690 428 749 si
447 689 620 765 separandis
639 690 805 749 rixantibus
826 710 946 765 operam
966 690 1096 767 dederis,
1119 692 1242 766 vapules

10 798 31 835 z·
63 781 226 855 vestesque
253 781 324 837 tuae
351 780 539 837 maculentur
565 784 608 854 et,
637 779 663 838 si
687 778 730 837 ibi
756 779 925 839 constiteris
949 782 980 838 et
1003 780 1096 838 oculis
1121 781 1241 839 circum-

62 868 211 945 spexeris,
230 867 398 926 testimonii
416 886 506 927 causa
523 869 554 926 in
572 868 717 927 iudicium
735 863 878 930 voceris.“

157 966 212 1024 37.
237 964 407 1042 „Vapulare
426 965 475 1025 odi
494 969 525 1024 ct
544 985 650 1041 sperne
669 966 756 1024 edere
775 966 885 1023 falsum
905 963 1126 1025 testimonium“
1145 959 1202 1047 (=
1218 968 1242 1025 si

59 1054 174 1129 oderis,
195 1046 324 1131 sperne).
999 1083 1006 1093 ·

155 1141 242 1202 Oonf.
259 1141 359 1201 Plaut.
375 1143 492 1201 Asinar.
506 1163 533 1202 v.
550 1145 612 1202 562
625 1162 647 1201 s.
659 1162 681 1202 s.
702 1145 764 1203 569
776 1162 798 1202 s.
818 1174 853 1182 —
872 1143 974 1202 Verba
992 1144 1132 1203 videntur
1150 1144 1243 1202 fuisso

54 1233 142 1293 senis
172 1250 242 1291 cum
267 1232 496 1291 comminatione
520 1250 637 1292 servum
661 1232 697 1290 de
723 1251 823 1291 amore
848 1232 902 1290 filii
926 1233 1117 1308 sciscitantis,
1144 1233 1241 1310 qualis

54 1321 144 1380 Simo
166 1320 322 1379 inducitur
339 1320 419 1396 apud
438 1320 580 1379 Plautum
599 1320 738 1380 Pseudul.
758 1342 786 1380 v.
800 1323 863 1381 462
880 1340 902 1379 s.
919 1341 950 1397 s,
970 1324 1049 1397 apud
1068 1322 1240 1381 Terentium

53 1409 157 1470 Andr.
177 1429 207 1470 r.
224 1410 287 1469 184
303 1428 326 1469 s.
343 1428 373 1482 s.,
393 1411 457 1468 437
473 1427 534 1468 ss.

153 1510 208 1567 38.
239 1506 336 1584 „Ama
361 1508 577 1583 possessionem
603 1510 634 1565 et
659 1508 708 1567 odi
733 1509 856 1567 furtum.
900 1507 1053 1567 Possessio
1078 1508 1155 1566 enim
1179 1509 1242 1568 vita

53 1602 107 1657 est
128 1600 164 1656 et
185 1598 300 1655 furtum
319 1615 399 1655 mors
419 1593 491 1655 est.“

154 1684 243 1744 Conf.
262 1685 389 1746 Monost.
405 1687 478 1761 304,
499 1688 571 1760 288,
592 1689 664 1746 503.

157 1784 211 1843 39.
236 1783 352 1860 „Aures
371 1786 402 1842 et
421 1786 521 1842 oculos
541 1785 577 1842 ad
597 1785 694 1843 virum
713 1784 824 1842 malum
843 1785 874 1841 in
892 1784 996 1843 viarm
1016 1784 1118 1842 statim
1138 1784 1241 1844 adver-

55 1873 155 1946 teris,
181 1890 233 1947 ne,
257 1872 283 1930 si
306 1872 520 1931 animadvertis
539 1872 578 1931 ad
596 1874 720 1950 malum,
747 1873 914 1949 quicunque
933 1877 963 1932 te
982 1874 1104 1951 viderit,
1130 1875 1241 1932 socium

54 1962 135 2021 mali
155 1964 190 2020 te
209 1961 341 2036 appellet
360 1962 422 2038 aut,
440 1961 467 2020 si
486 1960 513 2019 ei
531 1981 589 2021 non
608 1963 824 2021 auscultaveris
843 1982 939 2038 neque
953 1963 1047 2021 menti
1062 1963 1125 2022 eius
1140 1981 1242 2022 assen-

57 2051 151 2126 seris
173 2050 289 2107 malitia
308 2068 362 2108 sua
379 2050 431 2109 ille
449 2050 506 2108 tibi
524 2050 668 2109 molestus
687 2048 753 2109 sitf‘

159 2137 243 2198 Gonf.
264 2138 389 2198 Monost.
406 2140 456 2198 24.

155 2238 209 2295 40.
243 2234 337 2311 „Cum
366 2253 452 2296 servo
480 2237 558 2294 malo
586 2255 692 2312 panem
721 2237 808 2294 edere
833 2237 907 2311 noli,
935 2257 973 2296 ne
997 2238 1039 2295 eri
1064 2239 1126 2296 eius
1151 2239 1186 2296 de
1210 2242 1242 2296 te

61 2326 260 2402 suspicentur
278 2328 308 2382 tc
327 2343 445 2384 servum
464 2325 596 2400 ipsorum
616 2325 710 2384 furari
729 2322 859 2386 doco1·e.“

157 2424 209 2481 41.
233 2420 308 2498 „Odi
324 2441 443 2481 servum
458 2424 569 2481 malum
586 2427 616 2481 et
630 2442 735 2498 sperne
749 2423 920 2499 ingenuum,
936 2425 986 2499 qui
996 2424 1116 2482 furatur
1126 2416 1182 2505 (=
1192 2425 1240 2483 odi

61 2516 94 2572 ct
117 2530 230 2588 sperne
249 2503 374 2590 aeque),
397 2512 467 2587 quia
485 2515 520 2570 ut
539 2531 643 2571 manus
663 2515 793 2572 tuanen
812 2513 894 2574 valet
913 2512 950 2571 ad
969 2512 1160 2572 occidendum
1180 2532 1240 2571 ser-

61 2622 135 2660 vum
155 2600 256 2660 itane
276 2601 313 2659 ad
332 2601 494 2676 ingenuum
515 2602 633 2677 quidem
652 2600 877 2660 cohibendum.“

157 2688 286 2748 Videtur
307 2689 456 2765 interpres
477 2689 570 2765 Syrus
596 2691 722 2767 exempli
741 2690 846 2749 Gracci
870 2691 1079 2750 crudelitatem
1100 2691 1239 2749 immuta·

63 2779 155 2838 risse.
198 2776 312 2837 Graeca
337 2778 415 2836 enim
440 2779 601 2854 sententia,
629 2780 685 2837 nisi
715 2780 814 2838 omnia
841 2799 888 2838 me
916 2781 1039 2857 fallunt,
1066 2781 1140 2839 haec
1163 2783 1240 2838 erat:

63 2867 213 2944 „Servum
228 2866 348 2942 quidem
363 2868 474 2925 malum
490 2868 623 2926 occidere
637 2868 716 2945 licet,
735 2869 787 2927 sed
802 2869 964 2945 ingenuum
979 2871 1068 2945 plane
1082 2888 1142 2928 non
1155 2872 1240 2946 potes

65 2951 233 3016 cohibere.“

157 3054 208 3168 42,
233 3052 379 3130 „Servum
398 3054 510 3112 malum
526 3053 599 3113 deus
614 3056 686 3132 odit,
705 3057 776 3131 quia
790 3076 855 3116 eros
872 3075 940 3116 suos
955 3058 1018 3116 odit
1033 3062 1064 3116 et
1077 3057 1241 3133 ignominia

68 3142 167 3203 efficit.
179 3139 187 3168 ‘

157 3241 209 3299 43.
238 3238 288 3314 „si
313 3257 433 3300 servum
458 3242 570 3300 malum
596 3242 707 3303 uideris
734 3245 866 3301 extrema
891 3243 1011 3301 miseria
1034 3242 1176 3302 afflictum
1203 3263 1240 3302 nc

70 3329 200 3389 dolueris
220 3331 256 3388 de
276 3347 310 3387 eo
330 3331 381 3389 sed
401 3330 494 3390 dicas:
515 3323 594 3390 ‘liris
614 3332 675 3390 suis
696 3336 841 3407 quantum
859 3332 969 3391 bonum
989 3325 1156 3408 contingit.2
1164 3327 1178 3358 “

156 3416 241 3478 Conf.
262 3417 387 3477 Monost.
403 3421 476 3479 345.

155 3517 208 3574 44.
232 3516 328 3594 „Ama
347 3536 466 3577 servum
485 3518 630 3593 sedulum,
650 3519 700 3594 qui
720 3519 751 3576 in
770 3518 857 3577 domo
876 3537 994 3578 erorum
1010 3539 1132 3578 suorum
1146 3520 1241 3578 currit

69 3610 96 3665 ct
114 3605 239 3665 sedulus
258 3602 331 3664 est.“

155 3693 239 3753 Nihil
257 3695 321 3753 fere
339 3695 370 3752 in
388 3696 497 3755 fabulis
516 3715 611 3756 nouae
629 3697 798 3756 comoediae
818 3697 1004 3772 frequentius
1021 3701 1085 3756 erat
1099 3717 1188 3774 quam
1203 3697 1239 3756 de

70 3783 160 3843 servis
180 3786 242 3841 tam
260 3783 342 3858 frugi
360 3803 449 3860 quam
465 3804 593 3861 nequam
609 3787 782 3846 sententiae.
817 3784 900 3846 Ocni.
915 3787 992 3845 Men.
1007 3787 1064 3864 frg.
1076 3789 1149 3862 419,
1167 3789 1238 3863 668,

70 3875 139 3949 698,
161 3874 234 3947 699,
255 3874 328 3947 796,
349 3875 426 3950 802,
446 3874 570 3933 Philem.
585 3875 641 3951 frg.
658 3879 708 3951 22,
726 3878 775 3950 31,
792 3877 842 3952 56,
859 3878 910 3951 95,
927 3879 1004 3952 167,
1024 3877 1149 3934 Monost.
1168 3879 1239 3952 116,

70 3963 138 4034 133,
162 3963 238 4037 138,
259 3961 356 4020 Plaut.
372 3962 499 4022 Mostell.
515 3983 542 4023 v.
560 3966 622 4023 859
635 3984 658 4023 s.
669 3982 704 4040 s3
724 3965 814 4024 Stich.
831 3967 993 4042 15811,
1012 3965 1240 4041 06111591,

67 4050 207 4110 Pseudul.
226 4070 255 4109 v.
270 4053 335 4111 460
350 4069 382 4128 s,
403 4055 498 4112 1102.

152 4149 207 4209 45.
231 4146 376 4226 „Omnem
394 4151 493 4209 virum
512 4150 625 4208 malum
643 4151 675 4208 in
693 4153 869 4212 servitutem
889 4154 962 4211 deus
981 4151 1064 4210 dedit
1078 4155 1109 4211 et
1123 4171 1238 4212 omnem

64 4237 164 4298 virum
183 4237 321 4297 sedulum
340 4239 378 4297 ad
396 4239 539 4299 honorem
560 4242 591 4298 et
609 4240 809 4316 principatum
828 4243 986 4302 ascendere
1006 4237 1117 4300 decet.“

152 4325 239 4388 Oonf.
258 4327 385 4387 Monost.
403 4331 452 4389 19.

152 4428 206 4487 46.
231 4425 364 4505 „Sperne
388 4431 419 4487 et
442 4427 491 4487 odi
514 4447 615 4488 senem
639 4429 798 4504 lascivum,
822 4429 893 4507 quis
915 4430 951 4486 ut
974 4445 1080 4487 manus
1104 4430 1157 4487 tua
1179 4447 1239 4486 non
