2736 5130
164 249 229 312 372
595 287 600 296 -
632 246 666 301 A.
681 247 857 304 Baumstarlx:

164 422 323 496 utrumque
346 417 546 476 Alexandriae
569 418 739 476 litterarum
762 418 868 478 studiis
894 418 1047 478 vacavisse
1070 421 1195 500 constet.
1207 410 1261 500 111)
1307 419 1334 477 A

164 507 368 568 Choerobosoo
387 507 513 583 denique
532 509 563 565 et
580 507 612 564 in
628 507 835 584 Etymologioo
854 526 961 584 magno
981 507 1150 583 putaverim
1170 504 1334 580 (έργιον

115 650 121 667 ,
163 594 229 656 τὸν
243 593 437 669 νεώτερον
451 596 576 654 laudari.
613 596 643 654 Is
658 615 728 655 vero
743 617 813 654 num
828 597 907 655 idem
922 597 963 655 sit
981 599 1071 672 atque
1089 595 1222 655 medicus
1239 597 1333 674 Syrus

62 738 65 742 .
162 690 197 745 ut
215 705 337 762 prorsus
356 686 573 760 incompertum
592 702 646 763 ego
668 686 700 742 in
719 686 815 744 medio
834 686 1008 762 relinquam.
1062 701 1067 708 ·

167 809 171 815 ·
252 777 297 833 Ea
315 775 417 850 igitur,
437 775 473 831 de
492 773 601 846 quihus
620 775 718 832 adhuc
737 776 904 850 expositum
924 778 978 847 est,
997 769 1169 833 testimonia
1187 775 1225 833 ad
1240 776 1332 835 inter·

161 868 278 939 pretem
288 862 398 938 Syrum
413 866 466 920 aut
479 882 537 921 non
548 867 628 922 certo
642 865 695 920 aut
710 864 828 923 omnino
842 883 901 922 non
911 867 1039 938 possunt
1052 864 1194 923 revocari.
1220 863 1331 924 Contra

162 954 235 1011 mihi
249 954 368 1029 quidem
384 953 569 1028 exploratum
585 955 631 1010 est
644 971 753 1010 nomen
766 953 823 1012 viri
838 953 1039 1028 subscriptum
1055 955 1173 1012 exstare
1187 953 1224 1011 in
1239 956 1331 1014 actis

162 1043 391 1118 synodorum,
415 1059 504 1116 quae
528 1060 623 1100 anno·
639 1043 701 1101 536
723 1040 1043 1117 Constantinopoli
1067 1041 1218 1101 habitae
1241 1048 1331 1104 sunt.

161 1131 247 1189 Duae
270 1134 379 1200 autem,
395 1131 579 1206 cogebantur
607 1132 703 1189 altera
728 1130 766 1189 ab
790 1132 928 1206 Agapeto
956 1134 1026 1207 post
1048 1131 1236 1189 Anthimium
1263 1134 1331 1191 sede
1356 1176 1359 1183 .

163 1218 645 1295 Constantinopolitanapulsum,
670 1221 766 1278 altera
787 1220 927 1278 defuncto
952 1220 1054 1279 subita
1076 1223 1173 1279 morte
1193 1221 1330 1297 Agapeto

161 1327 179 1366 a
198 1310 298 1381 Mena,
324 1310 375 1385 qui
394 1308 426 1366 in
444 1309 541 1368 locum
562 1308 709 1366 Anthimii
729 1312 883 1383 promotus
902 1301 1035 1390 erat.¹¹⁷)
1074 1308 1109 1366 In
1128 1309 1203 1367 actis
1222 1312 1331 1369 harum

162 1398 343 1474 synodorum
362 1397 480 1455 obviam
501 1401 570 1455 sunt
595 1399 720 1455 duorum
740 1397 912 1474 Sergiorum
931 1398 1061 1456 nomina.
1099 1397 1234 1456 Primum
1252 1400 1331 1458 inter

155 1486 221 1564 eob,
237 1486 288 1562 qui
303 1487 545 1561 subscripserunt
558 1486 661 1545 libello
672 1487 833 1567 „Marciani
846 1487 1017 1564 presbyteri
1031 1491 1061 1545 et
1075 1488 1214 1561 primatis
1229 1508 1330 1547 mona-

163 1577 285 1634 chorum
309 1576 410 1652 regiae
430 1574 559 1643 civitatis
583 1578 614 1633 et
637 1581 801 1635 ceterorum
823 1576 1121 1635 archimandritarum
1142 1576 1278 1636 eiusdem
1302 1582 1331 1636 et

160 1664 463 1740 archimandritarum
486 1667 518 1745 et
536 1664 746 1723 monachorum
765 1664 1052 1743 Hierosolymorum
1065 1683 1098 1723 ac
1122 1664 1331 1725 orientalium“

160 1754 298 1829 Agapeto
314 1754 350 1812 de
365 1753 652 1813 excommunicandis
665 1752 773 1812 Severo
789 1757 819 1811 et
829 1753 983 1813 Anthimio
998 1754 1152 1830 proposito
1168 1759 1223 1832 est,
1238 1752 1284 1815 (έ
1294 1773 1331 1829 ρ-

160 1858 242 1913 γιο(
266 1839 521 1916 πρειβύτερο(
544 1839 604 1900 καὶ
623 1839 875 1915 περιοδεύτη(
893 1841 967 1903 τῶν
987 1839 1104 1915 ἁγίων
1123 1839 1330 1917 {rutnans

159 1926 374 2004 ἐπιχωρίων
406 1932 470 2004 τῆ(
498 1926 649 2004 πρώτη(
677 1927 804 2004 (opus
832 1925 1090 2012 ἑπαρχία(.118)
1134 1931 1249 1991 Deinde
1280 1934 1344 2005 alii,

160 2020 270 2092 libello,
290 2039 378 2096 quem
398 2020 434 2077 de
453 2022 557 2078 eadem
575 2037 665 2078 causa
685 2021 816 2097 episcopi
836 2011 867 2078 et
885 2022 1023 2080 monachi
1037 2021 1194 2080 maximam
1211 2026 1330 2096 partem

161 2109 321 2167 orientales
339 2109 471 2184 pontifici
490 2110 622 2169 Romano
641 2110 844 2187 tradiderunt,
868 2110 1045 2185 subscripsit
1064 2107 1219 2183 (έργιοε
1239 2129 1329 2185 πρε-

159 2193 338 2272 ιβύτερο(
362 2195 422 2256 καὶ
440 2194 692 2272 περιοδεύτηε
715 2199 780 2273 τῆ(
804 2199 920 2271 μονῆς
946 2194 1136 2272 Γινδάρου.
1144 2191 1198 2280 119)
1235 2199 1329 2277 Atqui

158 2288 188 2344 in
211 2306 335 2346 numero
359 2307 460 2346 eorum
485 2307 615 2365 quoque,
642 2288 782 2362 quicum
801 2287 953 2362 Marciano
977 2288 1014 2346 ad
1034 2288 1180 2363 synodum
1200 2290 1328 2347 alte1am

157 2378 226 2450 post
250 2380 328 2435 mort
330 2396 377 2434 em
401 2377 532 2479 Agapeti
555 2377 640 2435 habit
627 2381 690 2435 tam
719 2376 842 2434 admissi
870 2379 952 2452 sunt,
982 2373 1110 2450 (έργιοε
1136 2377 1259 2454 quidam
1284 2382 1330 2437 est

159 2461 370 2539 πρεεβύτερο(
393 2481 444 2523 και
468 2462 682 2539 περιοδεύτη(
689 2457 741 2544 ¹²⁰)
780 2464 839 2534 Qui
862 2465 935 2540 quin
958 2465 1036 2524 idem
1056 2466 1137 2524 sita
1120 2469 1211 2541 atque
1230 2469 1328 2541 perio·

158 2554 249 2612 deuta
267 2555 379 2628 primae
400 2553 543 2628 Syrorum
562 2555 732 2630 eparchiae,
755 2573 815 2613 non
837 2557 939 2629 potest
961 2555 1106 2628 dubitari,
1130 2573 1198 2612 oum
1217 2556 1330 2616 diserte

98 2664 137 2727 Q,
157 2642 294 2701 dicantur
318 2643 409 2702 iidem
433 2663 499 2702 cum
515 2644 667 2705 Marciano
693 2643 815 2702 admissi
838 2662 916 2715 esse,
940 2644 992 2718 qui
1015 2643 1119 2702 libello
1141 2662 1238 2719 papae
1262 2666 1330 2721 pro·

155 2731 253 2807 posito
282 2750 349 2790 cum
379 2751 412 2791 eo
441 2734 698 2808 subscripsissent.
709 2724 760 2810 111)
808 2730 970 2801 Quominus
998 2732 1094 2808 igitur
1120 2734 1328 2809 periodeutam

156 2821 270 2895 primae
286 2820 428 2907 Syrorum
449 2822 604 2896 eparchiae
624 2841 690 2881 cum
709 2821 822 2879 medico
837 2821 1011 2880 Resalnensi
1030 2822 1257 2900 confundamus
1278 2825 1329 2882 ob-

157 2911 220 2967 stat
244 2909 406 2967 dilucidum
424 2911 630 2969 testimonium
650 2910 941 2969 Pseudo-Zachariae
961 2909 1098 2986 Sergium
1120 2913 1188 2970 ante
1208 2911 1330 2989 Agape-

50 3015 53 3022 ·
80 2991 81 2995 ’
156 3001 223 3056 tum
240 2998 305 3056 vita
323 2999 456 3058 cessisse.
493 2997 603 3058 Contra
627 2995 834 3073 περιοδεύτηε
856 2999 912 3072 τῆ(
931 3000 1029 3073 μονῆς
1050 2997 1069 3058 Γ
1072 2994 1215 3074 ινδάροιι,
1241 3003 1327 3061 euius

154 3088 239 3145 nulla
261 3106 392 3163 unquam
416 3090 629 3163 postmortem
648 3087 909 3164 Agapetimentio
928 3088 976 3164 fit,
999 3090 1065 3164 quis
1089 3090 1210 3148 tandem
1234 3090 1329 3150 fuerit

155 3176 212 3233 nisi
224 3175 346 3252 Sergius
357 3177 572 3245 Resainensis?
591 3179 695 3254 Neque
709 3179 787 3236 enim
797 3178 978 3253 persuadere
988 3178 1061 3236 mihi
1071 3197 1203 3254 possum,
1218 3179 1328 3253 virum,

155 3264 239 3322 cuius
257 3267 494 3325 tantae‘fuerant
513 3267 544 3324 in
563 3267 669 3328 itinere
684 3267 813 3344 Agapeti
832 3269 943 3341 partes,
963 3267 1100 3325 simulac
1115 3266 1327 3329 Constantino·

155 3354 237 3428 polin
251 3358 429 3428 perventum
444 3361 499 3431 est,
519 3356 608 3416 rebus
623 3357 761 3433 gerendis
774 3373 898 3431 prorsus
913 3356 1102 3415 abstinuisse.
1135 3356 1230 3427 Immo
1247 3357 1326 3418 Con·

155 3443 348 3518 stantinopoli
360 3443 498 3520 Sergium
513 3449 618 3504 contra
629 3446 772 3504 Severum
788 3448 818 3503 et
828 3444 1016 3502 Anthimium
1032 3445 1136 3524 egisse,
1150 3445 1210 3504 nisi
1224 3447 1326 3524 fallor,

152 3532 201 3590 vel
220 3533 411 3609 acerbissimo
430 3534 482 3593 illo
497 3534 690 3610 Menophysit
691 3554 777 3592 arum
791 3533 859 3592 odio
879 3533 971 3592 efficit
958 3537 1015 3592 tur
1025 3534 1184 3610 —Itaque
1204 3555 1326 3595 mona-

153 3620 253 3678 chum
269 3621 433 3697 Sergium
447 3623 574 3700 fuisse⁷
590 3642 779 3699 quamquam,
795 3622 1146 3719 quaepcriodeutarum
1138 3643 1169 3682 ιιι
1183 3626 1324 3702 regendis

153 3711 459 3788 monasteriispartes
475 3713 587 3771 fuerint
575 3717 722 3788 t,pa1·um
737 3712 842 3786 liquet,
862 3731 898 3769 ex
913 3713 966 3770 illa
982 3694 1199 3788 subscriptione
1214 3733 1324 3816 cogno-

152 3800 254 3858 scitur.
291 3800 339 3858 Id
350 3804 428 3878 quod
452 3821 519 3861 oum
540 3803 642 3874 certis,
666 3820 743 3877 quae
762 3801 798 3858 de
816 3801 869 3858 illo
889 3804 971 3874 sunt,
995 3802 1181 3861 testimoniis
1198 3804 1323 3862 minime

151 3893 274 3965 pugnat.
303 3890 408 3967 Neque
423 3892 501 3949 enim
515 3890 727 3949 monachum
741 3889 943 3949 archiatria
957 3891 1117 3949 sunctum
1133 3909 1198 3950 esse
1211 3893 1323 3953 mirum

153 3980 199 4035 est
218 3997 253 4036 ea
272 3983 382 4056 aetate,
400 3998 460 4055 qua
478 3983 558 4039 artes
577 3980 755 4056 litteraeque
774 3979 839 4038 foro
859 3982 889 4037 et
903 3980 1067 4055 gymnasiis
1082 3981 1186 4055 pulsae
1206 3981 1237 4038 in
1257 4002 1335 4059 um·‚

151 4066 273 4126 bracula
298 4069 548 4128 monasteriorum
573 4069 733 4144 confugere
759 4069 933 4143 coepissent.
971 4069 1046 4127 Erat
1067 4072 1151 4145 ⁴certe
1175 4071 1321 4145 quaedam

150 4155 282 4215 m'uneris
298 4158 419 4233 species,
434 4177 591 4234 quaecum
606 4158 774 4217 conditione
788 4157 868 4216 vitae
883 4160 914 4216 et
928 4158 1035 4216 studiis
1051 4158 1205 4239 doctorum
1219 4179 1321 4218 mona-

151 4245 272 4304 chorum
286 4247 375 4321 plane
390 4246 570 4306 conveniret
597 4246 675 4305 Nam
690 4251 724 4306 ut
738 4247 883 4321 omittam,
899 4265 974 4322 quae
989 4247 1041 4305 alii
1055 4248 1143 4306 aliter
1157 4249 1194 4306 de
1205 4249 1318 4307 archia·

150 4332 210 4391 tria
224 4326 497 4417 disserueruntffl),
515 4335 664 4394 Briandus
681 4339 711 4395 et
725 4327 971 4416 Salomon1us¹²³)
987 4338 1116 4412 quinque
1131 4337 1321 4396 constituunt

96 4496 97 4500 Ἰ
150 4423 367 4483 archiatrorum
382 4443 502 4501 genera.
531 4425 730 4503 Distinguunt
745 4425 824 4483 enim
837 4424 917 4482 inter
931 4425 1096 4484 archiatros
1113 4427 1187 4485 sacri
1203 4427 1319 4502 palatii,
