2736 5130
449 246 670 305 Lucubrationee
689 249 905 319 Syro-Graecae.
1196 252 1259 315 477

117 416 237 476 18688618
256 417 349 478 rerba
368 416 536 477 efficiebant
555 422 609 478 aut
621 417 716 495 ipsius
731 419 928 480 adolescentis
944 419 1078 495 alicuius,
1098 421 1148 495 qui
1162 440 1262 482 secum

94 505 223 607 61881888
248 507 329 566 ritae
354 525 529 582 morumque
555 508 686 568 rationes
709 510 871 584 reputabat
894 509 972 568 siout
994 508 1144 585 Lysiteles
1163 510 1261 571 Plaut.

115 593 387 761 ffl'1v2.2,2,i3esatbs
406 684 452 742 vir
471 687 517 743 est-
536 684 619 744 cuius
637 689 744 745 venter
762 686 852 745 fortis
877 689 907 745 et
926 687 1065 762 88188688
1088 690 1195 763 886888
1215 691 1261 748 886

115 763 156 852 (ε
171 769 219 832 καὶ
237 766 440 847 τἈφροδίεια
459 769 563 833 δεινὸς
583 767 680 854 dist),
698 776 754 834 hoc
774 794 891 852 semper
908 771 1056 851 prodest.“

178 861 278 921 Verba
296 863 437 924 videntur
455 862 535 922 servi
554 862 629 921 ebrii
647 863 753 939 fuisse,
780 866 883 941 quales
902 864 1070 924 Pseudolus
1090 869 1121 924 et
1140 863 1259 925 Stichus

112 949 132 1007 in
147 951 278 1010 extremis
298 951 407 1009 fabulis
426 950 607 1010 inducuntur
625 971 644 1011 a
657 952 773 1026 Plauto,
794 957 848 1012 aut
861 958 982 1030 sumpta
996 972 1060 1012 esse
1075 955 1258 1014 exoratione

112 1040 263 1114 parasitica,
287 1041 390 1116 quales
417 1040 529 1099 habent
552 1041 632 1115 apud
651 1042 792 1101 Plautum
811 1042 971 1102 Peniculus
990 1042 1066 1102 Men.
1086 1063 1114 1103 8.
1136 1046 1175 1102 77
1191 1063 1213 1103 8.
1229 1063 1261 1121 8.,

111 1125 245 1204 Ergasilus
266 1127 352 1205 Capt.
371 1148 397 1188 v.
419 1131 459 1188 69
476 1148 497 1189 s.
513 1149 544 1203 8.,
559 1131 621 1189 461
640 1149 661 1191 s.
677 1149 715 1208 8.,
740 1131 861 1190 Saturio
881 1131 962 1191 Pers.
982 1152 1009 1192 v.
1028 1135 1154 1209 5388,
1174 1131 1260 1192 Gela-

112 1217 182 1276 simus
201 1217 292 1277 Stich.
314 1219 411 1278 1558.
426 1236 458 1291 8.,
478 1219 557 1294 8886
577 1218 752 1278 Terentium
771 1219 889 1280 Gnatho
908 1221 983 1280 Eun.
1002 1241 1029 1281 8.
1047 1224 1109 1280 232
1123 1240 1146 1281 8.
1162 1240 1184 1280 8.

179 1309 228 1368 20.
257 1306 383 1384 ,,Τ88818
410 1310 457 1367 886
482 1327 545 1367 mos
572 1308 648 1385 8188,
675 1309 725 1384 qui
750 1328 810 1368 non
834 1312 905 1385 apto
931 1313 1064 1385 tempore
1093 1304 1151 1391 (=
1173 1307 1260 1384 παρὰ

111 1390 213 1475 καιρόν)
234 1391 372 1456 688816.ιι

177 1484 260 1544 (1881.
279 1484 380 1545 Ρ1886.
397 1485 472 1543 Rud.
494 1487 566 1545 923.

177 1576 226 1632 21.
243 1573 407 1652 „Habitare
417 1576 524 1634 inorco
533 1593 653 1634 somnus
664 1578 719 1652 est,
729 1575 866 1634 habitare
875 1593 941 1633 cum
951 1575 1075 1634 mortuis
1084 1574 1258 1635 somnium.“

176 1665 226 1722 22.
240 1662 370 1740 „Turpis
388 1663 510 1740 pigritia
529 1668 588 1740 est,
608 1664 715 1739 esurit,
739 1664 817 1738 sitit,
839 1665 920 1723 nuda
938 1669 997 1737 est,
1021 1665 1122 1739 gemit.
1160 1664 1257 1734 Quam

108 1748 193 1810 decora
211 1750 349 1811 et‘laude
368 1753 459 1827 digna
477 1752 625 1811 industria
644 1756 703 1829 est,
727 1772 844 1829 semper
863 1757 968 1813 venter
987 1753 1014 1812 ei
1035 1754 1141 1827 plenus
1161 1757 1207 1813 est
1227 1757 1257 1813 et
1304 1817 1308 1826 ,

107 1839 192 1898 nultus
206 1841 310 1900 hilaris
325 1843 364 1916 et,
379 1841 404 1899 si
413 1842 488 1899 nibil
499 1842 575 1900 lueri
589 1860 624 1900 ex
635 1861 670 1900 ea
680 1842 827 1916 prevenit,
842 1845 922 1901 certe
932 1861 991 1901 888
1001 1838 1257 1918 reprehenditur.“

176 1927 259 1988 Conf.
278 1929 376 1989 Plaut.
397 1931 473 1988 Men.
490 1932 552 1989 957
564 1950 586 1989 8.
603 1950 634 2008 8.,
653 1930 727 1990 Rud.
749 1932 880 1991 92088.
900 1963 941 1972 -
961 1930 1046 1990 Servi
1064 1932 1146 2009 frugi
1164 1932 1258 1993 verba

103 2013 179 2077 fuisse
199 2019 349 2091 videntur,
372 2019 422 2094 qui
442 2018 648 2096 praedicabat,
668 2024 814 2097 quantum
834 2039 888 2079 sua
906 2020 1056 2079 industria
1074 2024 1105 2080 et
1123 2021 1258 2096 probitas

102 2105 214 2166 aliorum
238 2126 393 2168 servorum
416 2108 550 2184 nequitia
573 2112 742 2184 praestaret
766 2109 843 2168 sicut
866 2111 945 2186 apud
969 2109 1111 2168 Plautum
1135 2110 1258 2185 Harpax

100 2189 224 2255 Pseudul.
243 2217 271 2256 8.
299 2199 427 2256 11038.
450 2215 486 2274 8.,
513 2197 660 2257 Μ8888818
680 2199 756 2256 Μ88.
776 2218 804 2258 8.
830 2200 892 2258 966
914 2218 936 2257 8.
952 2217 987 2273 8.,
1017 2196 1165 2258 8688111188
1189 2200 1257 2257 Aul.

99 2299 120 2342 8.
137 2287 195 2346 587
210 2305 232 2345 a.
249 2298 282 2359 8.,
301 2284 466 2345 Phaniscus
485 2287 616 2348 Mosteil.
634 2307 662 2346 8.
682 2288 746 2346 558
757 2307 779 2347 8.
795 2305 817 2346 8.
888 2329 890 2334 -

176 2376 225 2434 23.
254 2374 345 2451 „Noli
363 2376 507 2434 molestus
526 2394 591 2434 esse
616 2394 690 2436 8888
710 2395 830 2436 manum
849 2380 932 2435 tuam
955 2374 987 2433 in
1009 2394 1089 2452 eum,
1113 2374 1164 2451 qui
1183 2377 1256 2434 natu

100 2462 125 2519 te
140 2464 231 2523 maior
250 2467 305 2541 est,
324 2459 515 2524 intenderis.“

157 2551 258 2612 ,0886
276 2553 417 2628 frgflor.
437 2552 501 2631 Syr.
522 2556 542 2611 4
562 2556 592 2613 86
610 2554 687 2614 Men.
706 2554 764 2630 frg.
785 2556 857 2613 147.
1104 2623 1107 2627 7

174 2643 224 2700 24.
253 2639 382 2719 „[Quia]
406 2641 570 2701 Homerum
598 2641 670 2702 88811
703 2644 749 2702 881
777 2644 1053 2718 interrogaverunt,
1082 2642 1132 2716 qui
1158 2643 1257 2699 virum

99 2744 185 2788 senem
203 2731 414 2806 percussisset,
434 2732 505 2806 quid
524 2732 551 2790 ei
571 2734 749 2792 eventurum
768 2736 856 2791 88886.
892 2731 977 2790 Dixit
996 2731 1050 2790 eis:
1076 2723 1174 2788 ‘Oculi
1193 2731 1256 2788 eius

97 2820 164 2878 caeci
186 2813 286 2892 fient',
307 2851 345 2861 -
367 2821 419 2896 qui
440 2824 567 2879 matrem
591 2820 790 2892 verberasset,
817 2821 889 2898 quid
914 2821 941 2880 ei
967 2823 1143 2880 eventurum
1169 2822 1256 2878 88886.

99 2900 170 2967 Dixit
187 2910 241 2968 eis:
263 2903 373 2967 ‘Terra
392 2928 460 2967 eum
479 2928 539 2968 888
556 2910 703 2984 portabit,
722 2911 792 2986 quia
812 2910 879 2985 ipsa
897 2913 994 2968 mater
1013 2909 1143 2968 omnium
1162 2909 1256 2968 homi-

98 3009 159 3054 nnm
172 2992 228 3056 est’
249 2992 339 3076 (conf.
358 2998 486 3057 Monost.
503 2999 579 3057 617:
600 2997 699 3073 μήτηρ
719 2994 872 3058 ἁπάντων
890 2991 990 3079 γαῖα).
1031 2999 1145 3056 Deinde
1164 2998 1255 3056 inter-

100 3089 276 3161 rogaverunt,
296 3087 347 3162 qui
365 3090 483 3163 patrem
503 3106 591 3146 suum
610 3088 816 3165 percussisset,
837 3088 909 3164 quid
928 3089 954 3145 ei
974 3091 1149 3147 eventurum
1165 3089 1254 3145 esset.

100 3168 168 3234 Dixit
188 3176 337 3236 Homerus
362 3177 449 3235 sociis
474 3177 548 3235 suis:
575 3169 656 3236 ‘Hoc
678 3196 773 3252 neque
796 3178 907 3236 factum
932 3178 978 3235 est
1001 3193 1133 3251 unquam
1156 3194 1254 3250 neque

99 3263 147 3339 est,
168 3265 246 3342 quod
265 3265 302 3323 68
322 3283 357 3324 88
374 3284 407 3324 re
427 3265 576 3325 scribatur
595 3257 652 3347 (=
672 3258 841 3344 doceatur);
865 3284 960 3341 neque
984 3264 1062 3323 enim
1085 3263 1178 3339 filius,
1204 3263 1255 3338 qui
1332 3261 1335 3266 ’

99 3353 201 3421 patrem
219 3354 378 3432 percutiat,
397 3354 477 3413 81188
497 3356 552 3428 886,
571 3354 629 3414 8181
648 3373 736 3430 quem
751 3355 829 3414 forte
848 3373 884 3413 ex
899 3354 957 3413 8118
971 3354 1090 3412 fornace
1105 3353 1253 3412 adulterio

99 3443 180 3501 nater
198 3443 333 3519 concepit
352 3446 383 3502 et
402 3436 458 3523 (=
475 3447 551 3519 part.
571 3434 648 3524 aar.)
667 3440 810 3520 peperit.“

170 3531 359 3605 Doctrinam,
382 3531 505 3592 Homeri
529 3551 604 3608 quae
627 3533 816 3609 perhibetur,
840 3533 871 3590 18
895 3533 1030 3608 exemplo
1052 3532 1166 3590 Graeco
1189 3551 1255 3607 per-

97 3622 174 3690 petua
192 3621 327 3680 oratione
346 3640 516 3698 expressam
535 3622 682 3697 interpres
702 3620 796 3699 Syrus
815 3641 868 3696 pro
888 3621 1043 3681 tritissima
1064 3620 1254 3681 orientalium

97 3708 120 3764 et
127 3711 316 3771 celeberrimo
327 3711 468 3770 narrandi
476 3729 586 3792 genere
600 3712 631 3769 in
645 3712 811 3786 complures
826 3711 1077 3787 interrogationes
1092 3713 1122 3769 86
1132 3727 1253 3784 respon-

96 3796 181 3859 siones
200 3799 357 3876 disposuit.
390 3798 517 3860 Obviam
535 3800 628 3859 fuisse
647 3801 677 3858 in
692 3800 801 3859 fabulis
816 3818 910 3860 88888
925 3799 1094 3860 comoediae
1109 3798 1254 3858 eiusmodi

94 3888 321 3949 narratiunculas
341 3889 376 3946 de
396 3890 544 3949 clarorum
563 3889 695 3949 virorum
710 3890 861 3964 responsis
876 3890 962 3949 docet
977 3888 1141 3963 Hegesippi
1155 3889 1211 3964 srg.
1225 3889 1253 3946 2.

171 3980 221 4038 25.
233 3977 341 4054 „Prae
361 3978 498 4037 omnibus
517 3982 634 4053 patrem
653 3982 738 4036 tuum
758 3997 825 4036 ama
844 3980 875 4037 86
893 3978 966 4036 time
985 3981 1015 4036 et
1033 3971 1172 4035 honora.“

171 4069 222 4128 26.
247 4063 335 4144 ,[116]
359 4085 396 4126 88
419 4067 587 4141 despexeris
607 4069 659 4125 aut
678 4067 842 4142 ignominia
861 4067 995 4126 affeceris
1014 4068 1140 4124 matrem
1159 4067 1252 4140 tuam,

94 4156 150 4233 [uia
173 4176 228 4232 per
252 4158 353 4216 decem
377 4175 493 4216 menses
517 4159 602 4215 utero
623 4175 675 4215 suo
695 4159 725 4215 68
744 4157 840 4232 gessit
859 4160 901 4231 et,
925 4174 992 4214 oum
1010 4157 1040 4213 te
1059 4156 1190 4229 pareret,
1214 4154 1251 4212 ad

94 4247 175 4305 calae
194 4245 302 4304 mortis
322 4240 483 4305 constitit.“

169 4337 220 4396 27.
245 4331 332 4412 ,,[Ε6]
352 4354 390 4394 88
405 4335 543 4394 deriseris
558 4352 707 4394 sermones
723 4333 884 4394 senectutis
899 4351 973 4391 neve
987 4329 1067 4390 labia
1081 4333 1135 4390 tua
1149 4332 1252 4390 eontra

94 4428 265 4487 snectutem
284 4424 455 4484 distorseris
475 4441 549 4483 8888
567 4427 777 4499 paupertatem
796 4417 1035 4498 contempseris.“
