2744 5130
458 164 685 269 Lucubratidnes¹
698 174 911 284 Syro-Graecae.
1206 219 1269 283 391

94 378 199 441 Tanta
213 381 295 440 enirn
308 381 413 457 procul
427 381 517 442 dubio
531 383 594 458 illa,
609 401 685 459 quae
698 383 777 442 inter
792 383 901 459 Syrum
917 384 1091 459 scriptorem
1105 388 1136 444 et
1145 387 1272 467 {lostam
1303 451 1308 457 ,

97 470 269 547 intercedit,
287 471 477 531 necessitudo
497 474 551 548 est,
571 468 661 531 ut'ad
680 471 758 530 idern
779 473 945 548 exemplum
962 473 1106 533 Graecum
1121 475 1270 535 versiones

102 558 235 637 Syriaca,
256 559 341 619 cuius
358 559 501 636 reliquias
515 561 683 638 Lagardius
702 561 804 635 edidit,
824 566 854 621 et
867 562 997 621 Arabica
1014 563 1120 621 referri
1134 564 1270 625 debeant.

104 647 199 726 Atqui
215 651 357 725 putemus
373 649 499 708 eundem
513 648 624 708 librum
641 639 797 725 (ireseum,
816 670 903 725 quem
919 649 1041 726 Sergius
1056 652 1270 730 transtulisset,
1297 710 1300 719 ,

102 741 169 815 post
194 736 396 796 clarissimum
424 737 626 814 interpretem
648 738 753 798 denuc
769 737 891 815 Syrisce
913 739 1063 798 redditum
1087 759 1164 814 esse,
1192 744 1270 802 unde

106 826 249 903 hegment
252 845 270 885 a
236 826 489 886 thndinensia
512 829 651 904 excerpta
634 814 756 886 asintl
793 828 871 886 Nam
893 847 931 886 ne
952 822 1132 906 versionem,
1156 849 1192 887 ex
1211 850 1270 907 qua

109 915 232 992 epitome
250 914 448 975 Londinensis
468 917 614 976 factat
568 919 623 990 est,
642 915 903 991 anteSergianam
922 917 1071 976 conditam
1090 936 1155 977 esse
1174 921 1270 995 suspi-

107 1022 214 1078 camur,
242 1007 413 1080 temporum
439 980 517 1065 ratic
546 1006 613 1065 obst
601 1009 654 1081 tat.
696 1004 849 1065 Graecum
877 1006 954 1065 enim
983 1007 1164 1084 exemplum,
1193 1009 1270 1069 unde

94 1090 227 1169 'utreque
251 1094 373 1153 fluxisse
396 1095 531 1169 putanda
549 1097 628 1171 erat,
646 1095 761 1170 primus
781 1092 951 1154 adhibuisse
969 1094 1089 1155 videtur
1107 1096 1269 1157 Palladius.

114 1180 301 1241 Psssadiit
248 1186 301 1241 aut
302 1201 358 1258 em,
378 1183 438 1260 qui,
457 1183 509 1242 ubi
523 1183 598 1241 illud
613 1184 712 1259 sequit
712 1203 757 1284 nr,
777 1183 983 1260 simpliciter„
986 1181 1131 1244 Graecos“
1146 1186 1268 1245 laudare

111 1271 192 1345 solet,
218 1272 404 1346 temporibus
431 1272 591 1331 manifesto
620 1291 655 1331 ea
682 1272 843 1331 novissima
871 1275 936 1332 erat
962 1272 1145 1332 Graecorum
1172 1275 1209 1334 de
1236 1295 1268 1334 re

94 1360 213 1433 griseae
234 1362 463 1436 praeceptorum
487 1340 600 1420 collect
579 1365 630 1421 ιιο
668 1361 761 1436 Atqui
780 1361 979 1433 Palladium
972 1381 1002 1418 m
1003 1365 1050 1420 ter
1074 1381 1089 1420 e
1092 1361 1268 1439 tSergium

94 1448 290 1508 'vincentum
313 1467 459 1509 annornm
483 1450 613 1525 spatium
635 1449 806 1510 intercedit
811 1440 862 1529 ¹⁷⁹)
903 1449 1040 1509 Eundem
1063 1470 1133 1510 vero
1157 1451 1267 1510 librum

117 1535 249 1597 Graecum
271 1538 352 1597 intra
375 1538 501 1615 triginta
523 1539 689 1598 lustrorum
713 1539 775 1598 fere
794 1539 923 1615 spatium
943 1539 989 1597 bis
1009 1538 1131 1615 Syrisce
1150 1560 1269 1600 versum
1301 1606 1305 1611 ,

94 1618 97 1673 Ϊ
117 1643 169 1689 nass
185 1627 250 1704 quis
268 1629 326 1703 est,
344 1628 396 1703 qui
410 1627 468 1687 sibi
481 1627 680 1704 persuadeat?
698 1659 741 1668 —<
760 1628 853 1687 Plane
867 1629 905 1687 ad
920 1631 1034 1687 certum
1048 1647 1097 1686 res
1112 1627 1268 1706 redigitur,

116 1715 243 1775 rimante
261 1715 484 1776 consideramus
499 1717 655 1776 ex’altera
674 1720 758 1793 parte
777 1717 947 1792 fragmenta
961 1717 1161 1778 Londinensia
1179 1720 1268 1795 plane

116 1806 196 1863 artem
215 1823 442 1881 sermonemque
461 1806 632 1885 versionum
647 1805 859 1882 Sergianarum
878 1807 976 1865 fronte
991 1825 1103 1882 gerere,
1124 1827 1159 1866 ex
1173 1810 1270 1867 altera

115 1893 266 1954 versionem
285 1895 400 1974 Kestae
419 1895 580 1954 Arabicam
604 1895 695 1954 etiam
718 1895 882 1971 scripturae
901 1896 1016 1954 mendis
1035 1914 1102 1955 cnm
1120 1896 1181 1956 illis
1200 1917 1268 1957 con-

115 1983 213 2043 venire.
248 1983 293 2043 De
318 2001 454 2044 sermone
478 1988 509 2043 et
532 1987 597 2043 arte
620 1985 764 2044 versionis
784 1985 921 2061 Syriacae
939 2004 1000 2044 non
1019 1988 1076 2061 est,
1102 1988 1180 2061 quod
1200 1988 1269 2062 post

116 2089 188 2131 curas
205 2063 426 2154 Sprengeri¹⁸⁰)
444 2073 540 2132 fusius
560 2073 663 2132 dicam.
702 2072 988 2133 Commentationem
1008 2075 1123 2134 iuvenis
1143 2076 1268 2152 diligen-

113 2159 213 2220 tissime
235 2162 433 2245 conscriptam
452 2161 545 2237 siquis
568 2163 785 2239 comparaverit
808 2181 875 2221 cum
900 2162 956 2242 eis,
984 2182 1060 2239 quae
1085 2183 1139 2238 ego
1163 2168 1268 2239 postea

112 2249 270 2326 degenere
298 2250 446 2311 scribendi
473 2253 647 2328 rationeque
675 2252 811 2310 vertendi
839 2250 990 2327 Sergianis
1019 2252 1129 2327 dicam,
1162 2255 1266 2328 procul

113 2337 188 2398 dubie
216 2358 339 2398 manum
366 2339 508 2399 archiatri
531 2341 722 2399 Resatnensis
752 2329 842 2399 etiam
870 2341 901 2398 in
929 2340 1060 2415 epitoma
1083 2339 1265 2400 Londinensi
1296 2332 1304 2347 '

111 2431 246 2526 ιςιοιοοι
282 2429 329 2486 Ex
352 2429 476 2488 adverso
501 2429 609 2488 summi
632 2431 774 2489 momenti
796 2430 827 2488 id
852 2430 924 2487 mihi
947 2429 1027 2489 videt
1015 2433 1161 2506 tur-esse,
1187 2431 1266 2505 quod

111 2515 135 2573 in
153 2517 318 2577 nominibus
342 2516 454 2592 Apulei
477 2521 509 2577 et
531 2518 696 2578 Democriti
720 2518 917 2595 exprimendis
942 2519 1045 2664 eadeUm
1068 2535 1190 2618 prorsus
1217 2538 1264 2578 ι-ιι

111 2605 204 2665 tiene
196 2625 226 2664 ιιι
245 2606 307 2682 epit
309 2625 377 2666 orna
396 2605 519 2684 Syriaca
538 2612 568 2666 et
587 2627 605 2666 a
555 2605 700 2666 Kos
687 2610 721 2686 ta
739 2611 840 2683 peccat
841 2626 893 2664 um
912 2610 966 2666 est
1007 2606 1135 2682 Utrique
1155 2602 1265 2681 Δημό

112 2710 199 2767 iecret
218 2699 266 2755 est
283 2695 442 2755 Democrat
429 2698 489 2772 tes,
509 2689 697 2772 Ἀπουλήιος
716 2697 796 2772 Apol
797 2695 903 2756 lonins
906 2687 958 2774 181)
994 2695 1068 2754 Rern
1088 2715 1122 2754 eo
1143 2692 1264 2757 maioris

110 2784 232 2858 penderis
242 2802 308 2844 esse
317 2785 424 2861 iudico,
439 2784 518 2861 quod
527 2804 588 2845 non
597 2788 659 2844 tarn
669 2786 707 2843 ad
718 2785 866 2845 scribendi
875 2785 1097 2861 neglegentiam
1108 2786 1264 2844 referenda

111 2888 162 2931 esse
173 2874 300 2952 videtur,
316 2893 392 2949 quae
407 2874 510 2934 eadem
524 2875 602 2935 forte
616 2875 806 2933 librariorum
817 2874 885 2950 Syri
899 2877 930 2932 et
940 2873 1048 2933 Arabis
1062 2893 1126 2933 esse
1136 2878 1263 2950 poterat,
1297 2916 1301 2921 -

111 2963 243 3037 quemad
267 2963 509 3023 immutationem
530 2964 683 3022 neminum
707 2963 744 3022 ab
768 2963 832 3038 ipso
857 2962 961 3041 Sergio
984 2965 1264 3024 consultc‘factem.

111 3048 172 3110 lien
184 3051 242 3111 nisi
258 3053 358 3111 emnia
369 3071 418 3111 me
432 3053 542 3112 fallunt
556 3052 678 3129 Sergius
694 3053 873 3128 scripturam
888 3053 1023 3129 exempli,
1038 3054 1116 3128 qued
1131 3054 1189 3128 ipsi
1199 3073 1264 3129 pro·

111 3141 224 3212 pesitum
243 3144 322 3215 erat,
341 3141 448 3201 Graeci
467 3141 661 3218 depravatam
681 3161 748 3202 esse
766 3142 931 3201 arbitratus
950 3141 1119 3200 nominibus
1140 3142 1263 3217 scripto·

95 3246 170 3308 uun,
187 3249 270 3307 quos,
290 3249 359 3289 cum
376 3249 483 3307 parum
497 3232 633 3307 cognitos
648 3232 782 3306 haberet,
802 3230 920 3290 omnino
935 3229 1034 3288 nullos
1049 3248 1113 3289 esse
1128 3231 1263 3307 putabat,

94 3314 252 3379 'substituit
275 3320 396 3379 nomina
419 3323 574 3380 auctorum
598 3320 795 3396 Graecorum,
824 3338 951 3394 quorum
974 3319 1071 3376 multa
1095 3321 1161 3376 erat
1184 3320 1265 3396 apud
1300 3334 1304 3341 ·

112 3409 252 3482 populares
275 3408 370 3486 ipsius
388 3410 562 3469 auctoritas
600 3410 685 3468 Unde
705 3410 784 3468 enim
801 3415 941 3484 putemus
962 3405 1045 3483 Syris
1064 3409 1156 3484 vulgo
1175 3412 1262 3468 notos

114 3494 399 3558 insseDemocritum
408 3497 648 3558 Abderitemaut
635 3499 819 3573 Atpuleium
830 3488 1136 3575 Medaurenscm¹⁸²)‘?
1152 3495 1263 3557 Contra

114 3581 287 3660 Apollonium
320 3592 399 3647 certe
433 3588 586 3690 cognitum
600 3587 764 3648 ‘habebant
751 3587 981 3663 tTyanensem
1009 3604 1102 3661 aeque
1132 3576 1290 3667 Syri¹⁸³)'

114 3667 379 3758 cqucnrabesffl),
394 3677 477 3736 cuius
493 3677 620 3736 sentent
612 3695 656 3736 ias
672 3676 817 3754 quasdam
832 3675 952 3752 Syriaee
966 3694 1068 3735 verses
1079 3674 1138 3734 Get
1140 3675 1261 3734 theilius
1303 3698 1312 3709 ·

114 3758 251 3846 edidit.¹⁸⁵)
289 3767 481 3826 Democrates
501 3770 600 3826 autem
620 3767 693 3826 est
685 3786 717 3824 m
735 3784 858 3824 numero
877 3764 1122 3839 philosophorum
1141 3765 1261 3822 illorum

114 3853 252 3913 maximam
270 3857 388 3931 partem
406 3875 551 3915 novorum
564 3855 843 3932 Pythagoricorum,
863 3873 988 3930 quorum
1003 3853 1170 3913 sententiae
1185 3852 1263 3925 circa

114 3944 255 4002 surenam
289 3945 459 4013 litterarum
488 3946 678 4045 antiquarum
706 3947 836 4003 aetatem
865 3943 999 4002 homines
1028 3941 1216 4001 admirabant
1204 3945 1262 3999 tur.
1285 4010 1289 4015 ,

113 4026 187 4108 Atqui
204 4034 299 4094 vitam
319 4025 518 4114 Secundi¹⁸⁶),
542 4037 645 4093 senten
647 4034 705 4091 tias
725 4032 796 4092 Sext
783 4025 880 4113 tim),
904 4051 967 4109 eas,
991 4049 1067 4107 quae
1089 4028 1225 4088 ferebant
1212 4031 1263 4087 tur

113 4113 843 4225 Pythagoream)eruemus189),sententias
875 4122 906 4179 in
937 4120 1068 4197 patrium
1095 4137 1262 4178 sermonem

113 4204 254 4272 translatas
279 4211 347 4288 Syri
372 4212 456 4272 lectit
418 4198 556 4271 tttaban
594 4210 677 4269 Adeo
702 4210 869 4270 difficile
847 4215 886 4270 sit
873 4209 946 4269 tad
970 4208 1147 4268 credendum
1171 4207 1262 4266 etiam

115 4301 257 4360 sanandas
272 4301 459 4362 Democratis
475 4301 594 4378 Syrisce
613 4319 716 4360 versas
736 4301 811 4359 exsti
812 4300 893 4374 tissc,
912 4297 1038 4372 indeque
1057 4296 1117 4356 fact
1104 4300 1169 4355 tum
1188 4315 1262 4373 esse,

114 4385 312 4451 ιΙιιιιιοιιιιι
298 4393 360 4450 tem
388 4394 419 4451 et
446 4391 650 4451 Democritum
679 4388 803 4467 Sergius
832 4389 901 4448 conf
887 4388 1025 4446 fisunderc
1012 4377 1171 4468 t¹⁹⁰)?-
1203 4386 1261 4446 Sed
