2744 5130
409 243 627 298 lucubrationes
647 242 863 313 Syro-Graecae.
1157 245 1221 309 383

50 413 118 472 dem
139 412 338 489 quaestiones,
358 432 433 488 quae
449 432 484 472 ea
498 415 597 473 aetate
611 413 765 472 homiuum
780 417 895 473 mentes
915 403 1079 490 agitabant,
1099 416 1134 473 de
1150 416 1218 492 dog-

25 498 182 561 'matibus
202 500 380 561 Christianis
404 506 562 578 captuosas
581 503 662 574 illas,
688 503 739 561 sed
759 522 828 561 mox
847 503 883 561 ab
903 504 945 562 ιιι
965 512 1002 562 ιι·
1016 505 1163 563 convertit
1181 508 1219 563 ad

49 591 282 667 diligentissima
300 592 469 651 litterarum
488 592 682 668 profanarum
701 592 808 650 studia.
837 592 1047 677 Eorum'viam
1065 593 1218 669 ingressus

47 681 181 740 sobriam
200 683 231 738 ιι
248 680 382 751 ieiunam
399 681 546 739 rationem
565 680 693 739 maxime
713 684 744 739 et
762 681 924 739 utilitatem
943 681 1032 740 duces
1047 682 1215 741 adhibebat.

47 769 109 828 Eos
134 768 461 828 eruditionis-Graecae
485 771 564 829 locos
589 769 783 846 popularibus
802 756 970 845 patefacer'e
990 770 1144 845 studebat,
1168 771 1219 846 qui
1254 794 1257 801 ·

46 862 102 917 aut
121 859 158 917 ad
177 876 276 917 mores
295 859 485 936 castigandos
505 861 557 918 aut
576 860 614 916 ad
629 879 716 917 usum
734 859 813 918 vitae
833 860 1009 917 conferrent.
1037 858 1155 934 Ingenii
1174 860 1219 918 sui
1310 870 1312 875 '

46 947 159 1006 finibus
178 948 383 1024 morigeratus
404 948 551 1006 abstinuit
574 967 591 1006 a
609 949 705 1023 poesi,
728 966 747 1006 a
768 946 957 1023 philosophia
980 948 1219 1023 contemplativa,

46 1055 186 1094 ararum
209 1040 361 1113 gestarum
385 1037 564 1096 narratione.
602 1035 738 1109 Activas,
763 1040 798 1095 ιι
822 1037 865 1099 ιιι
882 1036 1025 1112 dixerim,
1048 1037 1218 1112 disciplinas

45 1125 196 1201 plurimas
219 1127 298 1184 inter
320 1127 480 1200 populares
506 1129 559 1184 aut
582 1127 697 1201 primus
717 1126 849 1184 condidit
836 1129 924 1184 taut
944 1126 1063 1202 egregie
1080 1126 1218 1186 excoluit.

45 1214 82 1272 In
107 1214 264 1273 scribendo
289 1214 400 1289 clarus,
424 1215 597 1290 concinnus,
621 1215 743 1290 elegans
768 1233 888 1289 operam
912 1215 1051 1290 dedit,u
1032 1214 1167 1289 utpat
1143 1234 1217 1272 rram

45 1303 184 1380 linguam
212 1322 301 1379 quam
326 1260 536 1362 nitidissimam
562 1306 714 1362 exerceret
745 1306 776 1361 et
804 1322 892 1378 quam
916 1302 1105 1378 paucissimis
1129 1302 1219 1362 Grae-

47 1392 151 1451 cismis
174 1391 363 1451 infuscatam.
400 1392 512 1450 Verum
540 1411 578 1451 ne
604 1393 748 1451 sermonis
776 1393 895 1467 quidem
924 1393 1104 1467 elegantiam
1133 1392 1219 1450 anxie

45 1481 209 1540 affectavit.
246 1481 344 1540 Unam
363 1500 481 1555 semper
501 1480 598 1541 animo
618 1480 802 1557 propositam
820 1481 927 1540 habuit
945 1481 1056 1556 legem,
1076 1483 1109 1538 ιι
1127 1481 1218 1538 ιιιιιι

44 1569 203 1646 religionis
228 1570 375 1646 scrupulis
399 1589 571 1645 oppressus,
599 1571 690 1628 nullis
719 1569 860 1629 orationis
884 1570 1011 1629 vinculis
1040 1569 1218 1628 constrictus

44 1659 179 1720 Graecas
205 1659 538 1734 disciplinas.integras
567 1663 598 1718 et
624 1678 723 1718 meras
751 1659 789 1717 ad
811 1659 1048 1734 intellegentiam
1073 1657 1217 1733 Syrorum

43 1749 264 1807 accomodaret.
302 1746 388 1806 Circa
411 1749 672 1823 quantulacunque
701 1748 850 1823 substitit,
879 1748 1007 1806 tetendit
1033 1747 1070 1805 ad
1094 1765 1217 1805 summa.

43 1834 186 1896 Caruerit
204 1836 305 1902 divina
322 1837 383 1913 illa,
403 1856 500 1912 quam,
521 1838 671 1896 uberrime
690 1836 786 1895 beatis
807 1833 988 1896 Graecorum
1005 1835 1133 1923 ingeniis
1152 1856 1219 1895 con·

44 1945 171 2002 cessam,
190 1925 221 1984 in
236 1926 420 2001 principibus
438 1927 488 1984 litt
475 1930 608 1985 terarum
624 1926 815 2074 Syriacarum
834 1926 896 1985 fere
916 1926 1052 1985 omnibus
1072 1925 1219 1983 desidera·
1256 1958 1260 1965 ·

42 2034 125 2094 mus,
151 2015 322 2074 inveniendi
341 2014 499 2093 facilitate,
522 2016 737 2075 concesserite
722 2015 813 2074 eiam
831 2015 938 2074 Iacobo
958 2012 1123 2090 Edessam,
1146 2015 1219 2072 Bar-

42 2104 200 2180 hebraeo,
217 2104 294 2164 aliis.
330 2103 367 2162 In
391 2105 432 2162 ιιι
461 2106 541 2162 certo
568 2104 719 2163 ducendus
744 2106 802 2179 est,
831 2104 881 2179 qui
907 2103 943 2161 de
968 2091 1114 2163 servanda
1140 2103 1219 2162 inter

43 2193 210 2252 orientales
230 2193 398 2251 eruditione
417 2196 448 2252 et
466 2193 635 2251 litterarum
656 2192 883 2253 scientiaamice
903 2195 1084 2251 meruerunt.

135 2283 215 2340 Dum
229 2282 308 2340 inter
323 2282 406 2341 vivos
422 2286 495 2357 erat,
509 2302 576 2341 cum
591 2282 694 2357 primis
710 2300 781 2340 suae
796 2284 904 2341 aetatis
920 2281 1088 2341 hominibus
1100 2279 1217 2355 Severo,

43 2370 241 2448 Ephraernio,
266 2371 357 2430 Iosua
375 2370 501 2448 Stylita,
525 2371 682 2431 Theodoro
701 2370 864 2447 Mervensi,
883 2371 1034 2447 Agapeto,
1053 2370 1218 2428 Iustiniano
1302 2400 1309 2411 ·

43 2464 149 2519 mutuo
163 2479 223 2518 usu
238 2463 291 2518 aut
305 2461 474 2518 litterarum
488 2460 663 2519 commercio
677 2461 805 2538 iunctus,
824 2461 1032 2535 postmortem
1049 2459 1217 2533 perdecem
1263 2467 1270 2478 '

44 2550 167 2609 saecula
185 2549 304 2625 habuit,
328 2549 379 2625 qui
405 2549 496 2608 libros
515 2549 608 2624 ipsius
627 2549 810 2622 lectitarent,
834 2548 1095 2622 transscriberent,
1120 2567 1216 2606 excer-

43 2640 164 2715 perent,
184 2639 463 2714 interpretarentur,
482 2642 647 2713 verterent,
666 2641 877 2712 retractarent,
896 2629 1123 2713 admirarentur.
1160 2626 1217 2694 Ne

45 2747 103 2803 que
122 2728 202 2785 enim
221 2730 318 2786 morte
338 2727 474 2784 doctrina
492 2727 549 2787 viri
568 2727 715 2786 exstincta
734 2732 788 2786 est.
826 2726 966 2785 Fortasse
985 2726 1045 2783 iam
1064 2727 1131 2794 vivo
1150 2725 1217 2800 ipso

45 2806 255 2876 Theodorus
275 2816 464 2891 episcopus
485 2816 697 2891 Mervensis,
721 2815 780 2874 fide
799 2815 1009 2887 Nestorianus,
1033 2815 1081 2873 cui
1098 2819 1218 2890 praeter

42 2905 276 2964 commentarios
294 2905 406 2982 logicos
424 2904 568 2962 librorum
589 2906 625 2962 de
644 2905 754 2963 mundo
779 2907 810 2962 et
834 2906 870 2963 de
890 2905 1073 2979 simplicibus
1093 2903 1218 2961 medica-

10 3020 28 3053 ·.
42 2995 153 3054 mentis
172 2994 324 3054 versiones
344 2994 646 3069 dissertationemque
666 2994 702 3051 de
722 2994 828 3053 effectu
846 2995 935 3052 lunae
956 2994 1116 3065 dicaverat
1095 2992 1216 3051 tso-lu

10 3122 13 3129 ·
42 3084 142 3143 tiones
170 3083 272 3142 decem
300 3082 509 3158 quaestionum
539 3082 750 3158 Sergianarum
781 3082 907 3158 scripsi.
887 3074 967 3163 t159)
1014 3082 1072 3141 Per
1094 3082 1232 3151 saecula,

43 3176 177 3249 sextum,
195 3172 368 3247 septimum,
393 3176 531 3231 octavum
549 3173 701 3232 versiones
721 3172 877 3248 Isocratis,
895 3172 1064 3246 Plutarchi,
1083 3171 1218 3241 Luciani,

21 3298 25 3303 -
44 3261 205 3320 Themistii
219 3262 291 3338 legi,
312 3261 494 3334 transscribi,
515 3241 639 3337 excerpi,
657 3261 816 3320 retractari
835 3280 893 3319 non
908 3261 1019 3319 desitas
1035 3275 1099 3317 esse
1113 3263 1218 3334 postea

44 3350 266 3419 demonstrabo.
309 3344 421 3408 Mirum
445 3369 515 3409 vero
546 3354 692 3424 quantum
719 3351 918 3408 refloruerunt
946 3350 1046 3407 studia
1074 3343 1228 3423 Sergiana'

44 3443 150 3499 octavo
170 3441 201 3497 et
218 3459 302 3502 nonu
315 3438 449 3497 saeculis.
478 3439 535 3496 Illa
551 3441 616 3497 erat
630 3442 723 3516 aetas,
743 3458 809 3497 eum
824 3439 959 3497 Phocas
976 3437 1093 3514 Sergii
1112 3437 1217 3495 filius

10 3578 16 3635 ,
42 3526 216 3588 Edessenus
247 3528 415 3588 versionem
444 3526 582 3602 Dionysii
609 3527 810 3604 Areopagitae
841 3527 968 3602 copiosis
997 3526 1217 3585 commentariis

10 3617 226 3692 rillustraret,
254 3636 321 3676 cunr
345 3616 461 3674 Moses
483 3616 607 3693 Halidi
636 3617 740 3675 filius
764 3617 916 3676 versiones
940 3616 1045 3675 Galeni
1068 3634 1086 3673 a
1112 3615 1217 3690 Sergio

10 3696 178 3766 [factae
169 3726 201 3764 ιι
227 3707 361 3783 linguam
385 3704 588 3764 Arabicamt
575 3698 826 3786 transferret¹²⁰),
855 3705 1162 3780 easdemcastigatas
1187 3707 1218 3762 et

10 3748 186 3855 lenienda
173 3797 240 3855 as
254 3794 464 3906 Honainus
474 3790 570 3854 d'enuo
602 3797 716 3881 ederet,
749 3815 815 3853 cum
843 3795 1022 3853 Abraham
1051 3794 1216 3873 Essaltus
1264 3841 1270 3851 .

10 3892 172 4137 {spbhss
202 3931 327 4038 fastai)
354 3943 386 4001 in
416 3942 509 4019 script
509 3943 535 4001 is
564 3942 791 4008 Galeniett
752 3943 916 4002 Ptolemaei
940 3943 1060 4020 Syriaco
1087 3946 1118 4001 et
1141 3942 1216 4000 Ara-

42 4087 106 4148 bice
134 4088 288 4148 vertendis
313 4091 353 4149 ad
376 4091 543 4166 exemplum
568 4091 664 4168 Sergli
689 4112 720 4150 se
748 4083 984 4172 applicaret¹⁷¹),
1013 4112 1080 4152 cum
1103 4091 1216 4170 Hoste

43 4176 163 4237 Lucae
181 4178 288 4236 filius
309 4198 324 4237 e
343 4180 442 4253 libris,
468 4199 542 4256 quos
562 4181 597 4239 de
616 4200 648 4239 re
668 4181 780 4240 rustica
799 4181 921 4258 Sergius
941 4181 1114 4258 scripserat,
1140 4185 1215 4239 tem-

41 4284 147 4343 porum
168 4267 357 4344 malignitate
375 4270 436 4328 iam
455 4273 529 4346 tum,
548 4269 605 4328 nisi
624 4269 722 4342 fallor,
741 4271 869 4346 pessime
887 4271 981 4328 h‘abit
959 4274 998 4328 ιιι
1018 4289 1124 4328 novum
1141 4271 1216 4328 etid
1275 4262 1280 4269 ’

42 4357 164 4459 quidem
184 4357 439 4458 elegantissimum
460 4378 534 4435 opus
553 4359 665 4417 faceret
652 4353 904 4439 t,Hag'gag‘um
922 4359 983 4418 fort
971 4364 1051 4418 tasse
1069 4359 1216 4433 imitatus,

10 4445 92 4529 qui
112 4422 290 4522 Sergrauam
309 4446 472 4506 Ptolemaei
496 4449 665 4507 versionem
684 4450 812 4507 Arabica
836 4440 1125 4530 retractaverat¹⁷²),
1149 4469 1215 4508 cum
