2744 5130
442 234 660 290 Lucubrationcs
680 233 892 305 Syro-Graecae.
1185 234 1250 300 453

94 407 160 476 lucd
179 406 206 465 si
226 405 347 482 probari
366 406 473 480 potest,
493 403 642 479 scriptura
655 402 811 461 Urbinatis
831 406 877 462 est
891 403 1118 479 comprobanda.
1155 402 1251 479 Atqui

98 515 182 572 cuge
204 495 358 571 primunr
376 494 474 552 inter
492 493 633 551 codices
652 491 834 568 Vulgatae
852 493 968 551 locum
987 495 1086 551 tenet
1106 492 1251 552 Vatica-

94 605 140 644 rus
159 581 192 644 Λ.
228 584 304 642 Eius
323 583 416 660 igitur
434 582 472 640 ad
491 581 725 657 comprobandas
746 580 908 657 scripturas
924 580 1079 640 Urbinatis
1097 581 1185 640 unica
1206 583 1250 641 vis

94 679 135 734 cst.
169 673 268 732 Multo
293 671 391 730 minus
417 673 463 730 661
487 672 548 729 veri
569 670 664 729 simile
682 669 850 728 Parisinum
871 668 903 731 Π
924 674 955 729 61
972 669 1206 728 Laurentianum
1226 670 1250 728 L

95 783 146 822 cum
159 760 308 819 Urbinate
327 760 363 818 dc
383 759 507 835 antiqua
526 763 557 818 61
574 777 645 818 vera
664 760 812 836 scriptura
827 760 992 819 convenire.
1025 758 1093 818 Sed
1112 778 1152 818 ne
1172 778 1251 819 con-

96 850 300 927 spirantium
319 848 462 924 quidem
482 844 501 907 l'
522 851 552 906 61
571 844 595 907 Λ
615 848 793 907 lectiones
813 866 916 907 caeco
942 847 1091 926 quodam
1114 849 1251 924 impetu

97 939 312 1014 arripiendae
331 940 427 1014 sunt,
447 936 640 1011 siquidem,
658 937 821 1014 quamvis
840 938 943 1012 pauci
959 937 1032 995 sint
1050 937 1250 1013 probabili-

99 1030 169 1087 tatis
197 1026 351 1100 numeri,
380 1025 468 1083 fieri
495 1029 613 1084 tamen
641 1028 776 1103 potest,
806 1029 844 1084 ut
866 1024 928 1086 ΠΙι
956 1027 1138 1102 antiquam
1167 1025 1250 1084 Vul-

98 1119 183 1194 gatae
206 1114 414 1174 memoriam
440 1115 682 1187 servaverint,
711 1133 800 1189 quas
825 1114 994 1175 Urbinati
1023 1119 1119 1175 esset
1147 1133 1251 1191 prae-

97 1206 234 1265 ferenda.
265 1202 400 1264 Contra
414 1202 581 1279 protinus
596 1203 818 1278 spernendae
834 1207 931 1280 sunt,
945 1223 1021 1263 curn
1039 1223 1250 1281 quocunque

97 1295 173 1353 libro
193 1295 378 1371 Vulgatac
398 1295 655 1366 convenerunt,
674 1311 735 1351 eae
754 1293 944 1352 Urbinatis
965 1294 1155 1368 lectiones,
1176 1313 1251 1353 cum

97 1383 207 1459 quibus
227 1379 249 1442 Ε
268 1381 497 1459 pugnaverit.

122 1591 144 1647 l.
168 1583 373 1648 Λουκιανοῦ
396 1583 565 1667 aspirari
588 1583 635 1663 μὴ
659 1579 793 1666 ῥᾳδίως
816 1578 993 1644 πιστεύειν
1017 1576 1214 1664 (161161ῇέ)

98 1719 146 1778 lS.
163 1741 191 1796 p.
210 1722 262 1777 ls.
277 1736 300 1777 s.
332 1717 481 1776 Lucienus
501 1719 539 1777 ab
558 1718 742 1777 immanuele
761 1717 897 1776 Behkero
916 1717 1095 1792 recognitus.
1127 1716 1249 1791 Lipsiae

146 1809 236 1868 1853.
256 1806 315 1866 vol.
329 1806 360 1864 H
377 1826 404 1882 p.
421 1809 519 1866 421s.
535 1825 565 1879 s,
587 1808 748 1866 secundum
767 1808 850 1865 cuius
865 1805 1004 1864 editionis
1018 1805 1143 1882 paginas
1157 1805 1250 1865 verba

146 1896 258 1956 Graeca
276 1894 375 1953 laudo.
416 1894 567 1954 Lucienus
590 1915 625 1954 ex
643 1896 813 1954 recensione
832 1893 932 1953 Caroli
951 1894 1094 1954 Jacobitz.
1131 1894 1250 1970 Lipsiae

146 1987 237 2045 1839.
268 1985 326 2044 vol.
345 1983 392 2042 III
413 2004 443 2059 p.
464 1985 526 2044 265
546 1984 652 2062 Ryssel
673 1985 691 2042 l.
711 1985 730 2043 l.
749 2005 778 2061 p.
799 1985 840 2043 45
853 2003 875 2042 6.
891 2003 912 2043 s.
951 1983 1111 2042 Hoffmann
1128 1984 1160 2040 in
1179 1982 1249 2042 eor-

143 2073 289 2149 tingische
314 2073 449 2147 gelehrte
473 2073 624 2147 Anzeigen
648 2074 820 2131 66611871
847 2092 874 2147 p.
897 2074 980 2131 1211
994 2091 1016 2131 s.
1032 2091 1054 2132 s.
1092 2072 1250 2130 Rothstein

145 2161 340 2232 Quaestioncs
360 2160 533 2221 Lucianeae.
567 2162 697 2221 Berolini
719 2163 802 2221 1888
822 2181 850 2235 p.
866 2163 907 2221 89
924 2179 945 2220 s.
961 2180 984 2222 s.

165 2266 270 2344 Longe
299 2266 400 2325 aliud
427 2268 512 2326 mihi
540 2269 575 2326 in
604 2269 795 2327 tractando
822 2267 973 2326 Luciani
1002 2266 1043 2324 de
1071 2265 1251 2324 calumnia

98 2354 208 2415 libello
232 2354 407 2430 agendum
431 2360 498 2430 est,
525 2360 634 2433 atque
661 2357 696 2415 in
720 2355 886 2415 oratione
910 2354 1122 2414 Demonicea
1148 2373 1251 2430 prae-

98 2447 178 2503 stare
197 2444 361 2503 conabar.
395 2442 468 2502 Cum
490 2445 569 2504 enim
588 2447 618 2503 in
632 2445 811 2504 recensenda
829 2445 882 2503 illa
897 2444 1031 2502 oratione
1049 2443 1121 2502 totis
1135 2442 1250 2502 viribus

97 2532 160 2592 61666
179 2551 289 2608 essem,
309 2535 343 2590 ut
362 2535 531 2592 examinata
550 2535 685 2594 versione
705 2533 840 2611 Syriaca,
859 2552 935 2608 quae
954 2532 1031 2592 ratio
1051 2532 1250 2591 intercederet

96 2620 157 2680 inter
182 2621 315 2697 singulos
341 2621 455 2681 codices
479 2641 570 2681 manu
594 2625 733 2701 scriptos,
759 2625 957 2698 compareret,
986 2641 1004 2680 a
1028 2620 1249 2697 comparatione

96 2710 224 2770 versionis
244 2708 384 2785 Syriacae
403 2729 470 2769 cum
489 2711 638 2771 codicibus
659 2712 782 2771 Luciaui
805 2709 990 2770 instituenda
1012 2711 1075 2769 fere
1099 2709 1248 2768 abstinen-

96 2796 151 2857 dum
169 2817 235 2858 esse
254 2797 421 2860 videbatur.
457 2800 549 2877 Nam,
573 2820 751 2877 quamquam
775 2800 862 2858 libri
887 2799 1007 2877 quidem
1026 2796 1248 2858 Gcrlicensis

96 2887 268 2947 collationem
287 2905 394 2946 novam
419 2908 437 2947 a
461 2908 492 2948 se
516 2891 686 2950 institutam
709 2890 754 2950 vir
778 2890 813 2947 de
834 2889 940 2948 studiis
959 2888 1115 2947 Lucianeis
1140 2887 1251 2963 optime

94 2978 201 3036 neritus
224 2975 355 3034 Iulius
380 2977 691 3039 Sommerbrodt
714 2978 926 3037 humanissime
950 2995 1064 3035 mecum
1087 2976 1249 3036 communi·

94 3065 171 3143 cavit,
200 3065 350 3139 copiosam
378 3066 522 3145 omnium,
551 3068 601 3144 qui
630 3068 666 3126 ad
695 3067 830 3126 libellum
859 3067 895 3124 de
923 3065 1072 3124 calumnia
1096 3082 1251 3124 recensen-

94 3152 149 3212 dum
167 3159 199 3214 et
218 3153 435 3213 emendandum
450 3155 562 3232 aliquid
577 3157 753 3232 conferrent,
771 3155 903 3215 codicum
918 3153 1098 3213 Graecorum
1112 3152 1250 3212 notitiam

94 3243 150 3301 nihi
179 3260 352 3317 comparare
381 3263 467 3318 posse
496 3264 563 3303 mox
591 3245 756 3321 desperavi.
802 3243 902 3302 Satius
925 3242 1019 3318 igitur
1043 3241 1250 3300 existimabam

94 3331 298 3408 quaestionem,
323 3350 412 3406 quam
435 3334 595 3410 profligare
618 3337 714 3393 totam
737 3351 796 3391 nou
814 3350 945 3407 possem,
969 3330 1088 3390 omnino
1107 3330 1251 3389 intactam

94 3419 261 3496 relinquere,
295 3439 384 3493 quam
415 3441 521 3497 parum
554 3424 643 3481 certis
675 3422 766 3481 armis
796 3421 962 3480 instructus
993 3419 1091 3479 locum
1120 3419 1251 3479 omniurn

94 3508 163 3568 unice
182 3508 331 3567 lubricum
349 3513 482 3587 tentare,
507 3512 558 3587 qui
577 3516 624 3570 est
642 3512 679 3570 de
698 3511 831 3571 codicum
849 3509 1066 3568 Lucianeorum
1084 3508 1250 3568 rationibus
1330 3506 1335 3515 “

94 3599 115 3655 61
138 3596 345 3657 affinitatibus.
388 3600 570 3679 Proponam,
599 3619 675 3678 quae
703 3602 741 3659 ab
767 3599 896 3658 editione
920 3598 1049 3657 Bekkeii
1074 3598 1252 3674 discrepant,

94 3686 255 3762 scripturas·
273 3689 440 3764 apographi
463 3687 600 3765 Sergiam
626 3708 735 3749 omnes.
777 3688 817 3747 Iis
841 3689 878 3747 ad
902 3686 1099 3746 deliniendam
1123 3685 1252 3745 auctori-

94 3775 173 3833 tatem
192 3773 380 3850 singulorum
395 3776 528 3837 codicum
544 3778 734 3856 Graecorum,
753 3780 898 3853 quantum
912 3776 977 3834 fieri
991 3779 1100 3854 potest,
1118 3776 1252 3846 utantur,

94 3861 179 3939 siqui
203 3863 359 3924 certiorem
384 3867 637 3944 copiosioremque
660 3868 876 3942 scripturarum
896 3864 1078 3925 Graecarum
1097 3864 1251 3923 scientiam

94 3968 168 4025 quam
193 3971 249 4029 ego
269 3952 430 4015 habebunt.
467 3956 570 4033 Neque
593 3975 664 4017 vero
688 3957 804 4033 dubito,
832 3956 904 4030 quin
927 3955 996 4014 usui
1020 3953 1062 4013 eis
1087 3953 1252 4028 scripturae

95 4061 99 4065 ·
107 4063 295 4072 ——-...—-———-

167 4131 194 4199 1)
212 4128 238 4181 A
256 4153 290 4173 =
310 4125 397 4180 codex
420 4124 589 4180 Gorlicensis
613 4141 630 4178 a
654 4124 891 4179 Sommerbrodtio
916 4122 1045 4190 collatus,
1072 4122 1092 4175 F
1113 4146 1145 4166 =
1165 4121 1254 4175 codex

95 4197 314 4270 Guelferbytanus
328 4197 349 4266 I,
369 4197 436 4252 d=
449 4195 536 4251 codex
551 4193 786 4265 Guelferbytanus
800 4195 834 4266 Π,
854 4197 919 4250 P=
930 4195 1015 4249 codex
1029 4191 1204 4247 Monacensis
1219 4192 1252 4260 ll,

96 4267 157 4320 D=
177 4273 265 4327 codex
286 4267 464 4336 Oromenus,
488 4269 560 4323 G=
576 4268 663 4321 codex
681 4266 824 4322 Parisinus
840 4273 921 4333 3011,
941 4265 963 4318 V
981 4291 1013 4310 =
1029 4265 1116 4318 codex
1131 4262 1253 4330 Graevii,

96 4339 114 4393 Y
130 4360 222 4414 mergo
241 4340 374 4397 editionis
392 4339 512 4393 Aldinae
528 4338 553 4408 I,
573 4355 690 4408 quorum
710 4339 861 4408 scripturas
879 4336 963 4393 laudo
983 4336 1133 4392 secundum
1152 4334 1250 4388 editio·

97 4427 146 4467 nem
163 4412 389 4482 lacebitcianam,
410 4412 475 4466 8=
492 4411 686 4481 apographum
706 4411 804 4481 Sergii.
