2744 5130
111 256 178 320 474
583 257 616 314 Α.
631 257 810 314 Baumstark:

116 445 204 502 quam
226 426 370 487 orationis
391 427 617 487 similitudinem
637 427 782 488 exhibent.
820 427 976 486 Interdum
994 428 1025 486 id
1045 447 1166 506 quoque
1185 429 1229 506 fit,
1251 432 1274 489 ut

114 516 204 574 aliam
230 518 319 590 atque
342 516 489 592 interpres
510 516 604 594 Syrus
626 517 733 590 velis,
758 516 810 594 qui
830 516 1010 593 florilegium
1028 513 1198 595 contexuit,
1219 538 1270 578 esse

116 605 212 665 voluit
224 586 411 724 8sacnteritiam
430 605 588 664 verborum
612 606 706 665 fuisse
725 608 756 664 in
775 606 908 680 exemplo
928 605 1042 665 Graeco
1065 607 1267 684 facileperspi·

251 687 277 773 4)

113 695 218 752 cietur.
315 693 397 753 Haec
420 694 513 771 igitur
536 713 584 755 res
604 699 658 753 est.
696 694 902 754 Sententiae
924 696 1021 754 inter
1045 713 1081 754 se
1107 697 1264 756 discretas

111 781 238 860 Syrus,
256 786 366 858 prout
385 802 546 860 quaeque
565 784 724 860 aliquam
739 784 1044 860 comparationem
1060 786 1192 845 habere
1209 787 1262 861 ipsi

110 871 343 949 ridebantur,
368 873 569 948 composuit
593 876 627 931 et
647 873 966 932 coniunctionibus
985 891 1025 931 ex
1044 875 1198 934 arbitrio
1215 894 1260 934 suo

110 961 347 1035 interpositis
367 962 567 1038 copulavit,
591 964 643 1036 ut,
667 963 745 1037 quod
770 961 903 1020 studium
921 961 953 1019 in
972 963 1111 1022 omnibus
1134 964 1195 1022 fere
1211 982 1258 1022 seu·

112 1049 275 1108 tertiarum
288 1049 442 1126 florilegiis
457 1050 586 1127 Syriacis
606 1050 798 1127 conspicuum
819 1055 874 1126 est,
892 1069 997 1110 unam
1017 1056 1053 1110 et
1072 1056 1258 1129 perpetuen

111 1138 404 1198 exhortationem
431 1139 601 1199 efficeret
628 1143 658 1198 et
681 1140 719 1198 ad
743 1143 856 1199 certum
880 1139 1013 1199 ordinem
1038 1145 1256 1216 argumentorum

21 1242 24 1248 ’
113 1227 315 1287 constitutam.
347 1229 391 1287 De
406 1229 520 1305 origine
537 1232 567 1288 et
581 1229 794 1304 compositione
808 1228 949 1304 florilegii
966 1234 1093 1304 apparet
1111 1231 1188 1290 recte
1204 1230 1271 1288 iude

111 1314 172 1374 cari
190 1316 273 1392 prius
293 1337 350 1376 non
369 1336 468 1394 posse,
494 1337 583 1394 quam
602 1317 738 1393 singulae
758 1321 909 1376 extractae
928 1317 990 1376 sint
1009 1320 1187 1395 sententiae,
1203 1337 1266 1394 quas-

113 1403 206 1480 Syrus
234 1405 265 1464 in
289 1407 415 1482 speciem
439 1410 601 1483 perpetuae
625 1407 767 1466 orationis
790 1406 938 1466 conflavit.
961 1438 1004 1448 —
1032 1407 1134 1467 Etiam
1161 1408 1256 1486 gravius

111 1494 246 1568 peccavit
269 1495 414 1569 Landius,
438 1515 504 1554 cum
528 1495 706 1570 florilegium
732 1494 887 1572 Syriacum
910 1496 1094 1556 translatum
1117 1515 1180 1557 esse
1200 1496 1255 1555 arbi

15 1630 28 1644 r
111 1586 209 1643 tratas
229 1583 265 1642 de
286 1586 420 1660 exemplo
440 1584 620 1644 Graecorum
640 1584 855 1660 florilegiorum
879 1584 982 1661 simili,
1006 1604 1083 1661 quae
1107 1605 1166 1646 nou
1182 1601 1254 1662 pauco

111 1673 327 1732 sententiarum
354 1673 511 1733 Menandri
538 1675 698 1750 maximam
725 1677 841 1750 partem
874 1674 1130 1733 monostichorum
1160 1677 1255 1735 servata

32 1767 35 1770 '
112 1765 190 1838 sunt,
208 1781 351 1838 germana
365 1763 519 1822 Menandri
538 1766 644 1837 poetae
664 1763 767 1823 comici
784 1763 955 1839 fragmenta
973 1763 1016 1821 ibi
1034 1764 1132 1823 latere
1149 1761 1255 1840 negavit

111 1849 285 1910 Certissima
304 1851 510 1910 enimliudicia
529 1853 612 1930 sunt,
636 1852 714 1911 unde
738 1852 915 1928 colligamus
937 1853 1031 1912 multo
1052 1853 1172 1913 maioris
1188 1851 1255 1928 pretii

111 1957 176 1997 esse
195 1940 364 2016 fragmenta
381 1940 504 2017 Syriaca
521 1960 611 2016 quam
629 1941 698 2001 illos
716 1959 819 2000 versus
836 1939 975 2017 Graecos
994 1941 1046 2017 qui
1064 1942 1192 2018 undique
1207 1958 1256 2001 cor·

110 2028 189 2102 gesti
216 2048 413 2106 magnamque
442 2033 560 2108 partem
589 2028 784 2089 semibarbari
813 2031 867 2089 sub
891 2030 1010 2089 nomine
1033 2030 1187 2090 Menandri
1209 2047 1276 2107 pro--

110 2118 229 2176 duntur.
266 2118 398 2191 Primum
422 2119 543 2178 minime
568 2119 627 2179 sibi
649 2111 767 2178 constat
791 2119 978 2195 singulorum
1004 2120 1256 2194 fragmentoruma

111 2205 188 2282 Syro
207 2225 415 2284 expressorum
434 2210 584 2287 circuitus,
603 2209 633 2266 id
653 2208 836 2284 quodquam
852 2207 980 2267 maxime
996 2207 1106 2286 obstat,
1126 2207 1255 2284 quominus

112 2295 149 2354 de
177 2293 334 2356 sententiis
362 2295 554 2372 monostichis
569 2303 572 2312 '
587 2297 636 2358 vel
669 2296 803 2356 distichis
832 2296 954 2373 Syriaoe
982 2297 1078 2357 versis
1110 2298 1256 2376 cogitemus.

109 2385 209 2445 Habet
228 2405 298 2444 sane
316 2405 375 2446 non
395 2387 468 2469 adeo
488 2387 616 2445 multum
637 2387 815 2463 florilegium
835 2386 979 2446 aLandio
999 2385 1114 2445 editum
1132 2406 1194 2446 cum
1211 2402 1257 2444 sen·

111 2474 214 2534 tentiis
228 2473 350 2535 Graecis
369 2475 571 2552 monostichis,
591 2476 773 2557 quibuscum¹
786 2476 824 2534 ab
844 2475 957 2546 editore
974 2476 1118 2535 collatum
1132 2479 1183 2550 est,
1200 2492 1257 2533 cou-

109 2563 281 2638 parationis.
310 2564 414 2641 Neque
433 2583 504 2626 vero
522 2568 681 2641 propterea
700 2568 747 2624 est
766 2563 974 2624 damnandum.
1003 2563 1099 2623 Immo
1114 2583 1171 2642 quo
1184 2561 1256 2637 magis

109 2651 239 2711 alienum
268 2656 315 2712 est
343 2673 361 2712 a
384 2654 540 2714 sententiis
564 2654 644 2732 istis,
672 2672 746 2729 quas
770 2660 916 2728 magnam
933 2656 1051 2736 partem
1073 2651 1256 2730 suppositione

111 2759 176 2800 esse
195 2761 283 2802 nemo
302 2743 409 2815 nescit,
432 2762 466 2803 eo
486 2729 581 2802 maior
600 2747 647 2803 est
664 2742 887 2818 probabilitatis
906 2742 1018 2818 species
1036 2736 1125 2803 'veras
1145 2746 1174 2802 et
1190 2742 1256 2818 putas

109 2831 328 2889 comoediarum
347 2831 504 2891 Menandri
527 2832 669 2908 reliquias
694 2831 813 2892 obviam
839 2849 913 2891 esse.
949 2830 1074 2890 Accedit
1095 2832 1170 2890 illud
1191 2831 1257 2904 longe

111 2919 334 2997 gravissimum,
348 2923 383 2979 ut
397 2920 458 2980 sint
471 2921 555 2980 inter.
565 2923 735 2996 fragmenta
749 2919 857 2996 aSyro,
864 2939 1012 2996 expressa,
1027 2933 1104 2996 quae
1119 2921 1157 2980 ad
1166 2921 1256 2980 certm

108 3008 230 3067 fabulae
246 3012 455 3083 argumentum
472 3014 606 3086 spectare
619 3011 786 3084 rideantur,
806 3013 859 3068 aut
876 3009 968 3068 etiam
982 3010 1115 3070 alternos
1130 3021 1255 3069 sermones

109 3101 236 3157 servent.
271 3098 377 3176 Neque
396 3118 466 3159 vero
486 3099 517 3157 in
536 3118 570 3158 eo
590 3101 712 3158 haerere
732 3099 829 3173 debet,
849 3100 927 3175 quod
946 3117 1099 3174 nunquam
1117 3098 1179 3158 fere
1196 3097 1254 3169 fiag-

108 3189 209 3246 meuta
233 3187 356 3264 Syriaca
384 3188 420 3247 ad
445 3189 569 3248 verbum
598 3207 665 3247 oum
687 3188 822 3264 reliquiis
852 3187 1019 3247 comoediae
1043 3206 1138 3247 novae
1162 3185 1255 3246 Atticae

111 3280 163 3334 aut
182 3295 250 3335 cum
266 3277 372 3337 Plauto
388 3277 564 3338 Terentiove
584 3277 770 3338 conveniant.
801 3276 919 3344 Paucae
939 3277 1016 3335 enim
1035 3296 1091 3352 pro
1110 3280 1176 3336 rata
1191 3274 1255 3350 parte

109 3365 308 3425 Menandreae
332 3368 404 3425 artis
428 3367 571 3442 reliquiae
595 3369 725 3426 aetatem
749 3368 893 3426 tulerunt.
933 3364 1046 3424 Contra
1067 3365 1218 3426 admodum
1232 3357 1257 3418 ud

111 3454 263 3512 licentiam
276 3459 338 3513 tam
353 3459 460 3531 poetae
475 3456 600 3514 Romani
614 3475 703 3533 quam
717 3456 866 3532 interpres
879 3451 973 3530 Syrus
987 3455 1080 3513 verba
1089 3454 1199 3514 Graeca
1209 3467 1257 3510 con·

112 3543 283 3602 stituerunt.
310 3576 355 3586 -—
383 3544 468 3615 Quod
496 3564 566 3604 vero
594 3536 785 3625 Landius⁸⁸⁵)
814 3543 939 3621 Syrum
968 3561 1050 3602 suas
1079 3539 1257 3603 sententias

108 3633 375 3709 proverbiaque
399 3635 591 3709 popularia
615 3634 751 3710 passim
770 3631 1038 3707 interposuisse
1059 3633 1256 3708 suspicatur,

110 3721 184 3778 illud
205 3722 324 3798 quidem
343 3724 456 3782 nullis
475 3722 625 3782 indiciis
644 3722 793 3799 probari
811 3724 942 3797 potest.
1019 3760 1022 3764 Δ
1204 3717 1210 3725 ’

198 3811 306 3887 Neque
326 3812 419 3887 igitur
442 3813 471 3870 in
490 3812 656 3871 tractandis
676 3811 834 3871 Menandri
853 3809 1009 3870 sententiis
1029 3808 1159 3886 Syriacis
1177 3800 1259 3867 Laudi

106 3899 243 3976 vestigiis
262 3900 364 3959 insisti
384 3900 480 3979 debet,
500 3901 552 3961 sed
571 3903 601 3960 id
621 3901 770 3977 agendum
791 3903 845 3975 est,
863 3903 900 3958 ut
915 3918 950 3958 ex
966 3899 1063 3957 altera
1077 3902 1164 3975 parte
1178 3898 1272 3971 singu·¹

108 3991 213 4064 larum,
234 3991 296 4049 sive
316 3989 457 4064 reliquias
473 3991 643 4049 fabularum
658 3991 720 4049 sive
736 3989 900 4048 sententias
916 3986 1087 4059 dixerimus,
1106 3988 1230 4048 ambitus
1240 3979 1262 4039 el

108 4078 183 4137 fines
208 4097 296 4154 quam
319 4078 540 4137 accuratissime
559 4081 788 4154 constituantur,
809 4096 867 4153 quo
887 4078 996 4136 clarius
1015 4075 1051 4135 de
1070 4076 1263 4152 florilegiorun

111 4166 301 4242 Syriacorum
317 4168 493 4243 rationibus,
507 4165 728 4244 compositiora
749 4167 897 4226 affinitate
906 4167 1037 4243 liqueat,
1056 4185 1092 4225 ex
1112 4168 1204 4225 altera
1221 4157 1266 4221 ccl·

110 4256 180 4314 latis
191 4275 286 4317 novae
297 4257 465 4316 comoediae
476 4257 596 4316 Atticae
606 4257 742 4336 reliquiis
755 4261 785 4315 et
794 4256 1013 4315 imitationibus
1023 4255 1272 4331 inquiraturqna·

112 4339 247 4426 tenestin
262 4346 439 4421 fragmentis
455 4345 584 4423 Syriacis
600 4347 751 4405 scaenicae
766 4354 889 4422 poe'seos
903 4345 1175 4421 naturacolorque,
1191 4347 1221 4400 ut
1232 4338 1282 4397 ua

109 4432 214 4511 dicam,
231 4436 373 4495 orationis
389 4437 420 4495 et
430 4435 645 4496 sententiarum
655 4433 751 4498 norae
760 4434 930 4507 com'oediae
939 4434 1080 4510 proprius
1088 4411 1286 4531 regnentdffi)
