2744 5130
405 244 625 303 Lucubrationes
645 244 859 315 Syre-Graecae.
1151 248 1215 312 461

82 434 136 475 nno
156 416 290 491 pendent
308 434 326 473 a
341 412 414 490 χρὴ,
433 415 512 490 quod
532 435 567 475 ox
585 415 670 475 initio
690 416 795 493 capitis
816 417 1013 492 supplendum
1029 422 1082 478 est.
1116 419 1218 478 Verba

82 510 141 563 tem
170 505 240 564 inde
268 505 307 563 ab
335 498 417 578 ὅπερ
446 524 540 581 usquc
567 504 605 564 ad
632 501 752 577 ἡδονά(
777 506 1019 564 interclusionem
1042 508 1175 566 efficiunt
1200 528 1217 566 a

82 594 190 653 ribendi
205 612 315 669 genere
330 593 487 667 Lucianeo,
507 594 566 653 nisi
580 596 678 652 omnia
693 614 739 652 me
753 595 872 671 fallunt,
887 613 992 671 parum
1007 589 1216 675 absonam.⁷⁰³)

132 699 364 778 Subiungendae
388 703 458 758 eunt
481 704 624 777 quatuor,
647 719 737 775 quae
756 702 799 759 ad
818 701 1094 776 explicationem
1114 721 1215 778 spec-

82 793 135 864 tnt,
162 789 488 865 interpolationes,
512 809 602 865 quae
626 809 731 848 veras
756 791 960 865 scripturas
983 790 1073 850 locis
1098 792 1214 851 demo·

82 881 185 937 erunt:

131 986 257 1058 ΧΙ425,
271 987 311 1044 18
326 985 388 1044 lbb.
403 984 469 1043 (λιι.
490 980 634 1058 κατίςχυε
663 984 682 1042 8
697 979 884 1058 ἐπηλύγαζε,
905 987 956 1045 ubi
970 987 1030 1045 lbb.
1046 987 1113 1046 θαι.
1127 987 1217 1046 inter-

82 1078 265 1134 retamentum
285 1074 431 1149 praebent
449 1092 555 1148 parum
574 1076 686 1149 aptum,
706 1080 858 1148 sumptum
876 1074 951 1132 illud
966 1075 1086 1151 quidem
1100 1095 1136 1134 ex
1149 1096 1217 1134 ver-

82 1162 166 1238 ίιτὴν
185 1157 318 1223 πάντων
337 1152 614 1243 ἰςχυροτέρανίθί),

132 1271 173 1327 XI
188 1271 263 1344 425,
282 1271 320 1328 19
340 1268 401 1327 lbb.
421 1267 487 1327 (λιν.
507 1263 642 1327 πιθανὸν
671 1266 690 1324 S
710 1260 923 1348 uouttov⁷⁰⁵),

131 1359 201 1415 XXI
216 1359 289 1430 428,
302 1359 320 1417 5
341 1358 419 1415 arch.
439 1357 499 1416 lbb.
516 1356 581 1416 Grr.
602 1352 744 1429 λαθρηδὰ
759 1353 903 1430 καὶπρὸς
919 1353 975 1416 ού(
990 1349 1079 1438 (conf.
1095 1381 1122 1435 p.
1135 1352 1214 1440 458)

82 1442 204 1520 ιγόμενα
237 1441 357 1520 Supte
381 1441 437 1504 οὖς
461 1440 687 1519 ψιθυριζόμενα
716 1435 806 1527 (conf.
831 1441 1005 1520 ψιθυρίῑειν
1029 1449 1151 1506 verbum
1177 1450 1213 1507 de

82 1536 191 1594 lumnia
217 1533 384 1592 adhibitum
408 1534 525 1611 Alciph.
550 1553 593 1609 ep.
609 1535 656 1592 Ill
672 1536 726 1608 853
756 1535 858 1592 Them.
879 1555 920 1594 or.
940 1535 1011 1594 XXI
1026 1538 1088 1595 262
1101 1555 1129 1612 c3
1158 1536 1213 1596 Ios

82 1626 102 1683 ir.
117 1627 164 1701 12,
184 1626 239 1702 203
263 1623 344 1681 LXX
363 1623 411 1681 Ps.
427 1625 478 1697 40,
495 1625 527 1698 83
547 1622 628 1682 Suio.
649 1618 815 1696 ψιθυρίζει·
840 1616 1030 1703 διαβάλλει),
1053 1625 1105 1683 ubi
1125 1645 1214 1701 quam

82 1714 131 1771 sile
157 1713 290 1789 potuerit
312 1707 542 1785 ψιθυριζόμενα
570 1732 624 1787 per
651 1706 793 1785 λαθρηδὰ
822 1708 980 1785 λεγόμενα
1010 1714 1149 1788 explicari
1172 1714 1215 1772 in-

82 1804 145 1861 tent
162 1802 265 1878 glossa
283 1800 428 1877 Hesychii
445 1802 478 1859 et
496 1800 617 1859 Suidee:
638 1796 805 1874 ψιθυρίζει·
830 1795 873 1860 εἰς
892 1798 929 1860 τὸ
954 1797 1009 1861 ού(
1028 1797 1129 1877 ἠρέμα
1148 1802 1213 1861 δια-

82 1887 177 2010 ἕγςταιῖ
193 1894 224 1949 et
249 1890 339 1950 schol.
360 1889 448 1965 Soph.
469 1889 515 1950 Αί.
534 1891 595 1948 148
616 1886 782 1963 ψιθύρους·
811 1886 977 1965 κρυφίους,
1002 1887 1102 1966 ἠρέμα
1121 1891 1213 1964 λεγο-

82 1972 191 2038 ἔνουςο
223 2025 230 2052 ,

132 1970 329 2144 ΧΧί)428,θ
356 2067 416 2125 lbb.
442 2065 508 2125 Grr.
537 2061 691 2126 ὑπονοίας
728 2067 748 2126 8
777 2063 979 2141 καινουργίας
1007 2061 1096 2151 (conf.
1124 2070 1213 2129 Isoor.

83 2157 215 2215 schidam.
231 2159 287 2232 503
315 2156 401 2216 Dion.
420 2155 488 2214 Hal.
507 2156 543 2213 de
562 2156 652 2215 Iacer.
671 2156 731 2214 iud.
748 2158 821 2228 553,
837 2162 870 2233 93
899 2156 1001 2216 Them.
1022 2177 1062 2216 or.
1077 2158 1121 2217 IV
1138 2161 1214 2235 6103

82 2266 114 2320 γι.
135 2246 219 2304 Alex.
243 2245 274 2303 in
298 2245 374 2304 lesa.
394 2264 456 2321 cap.
478 2246 519 2304 54
544 2247 615 2303 eta
638 2245 769 2305 Luciano
793 2248 937 2320 usurpata
960 2242 998 2305 τὸ
1022 2242 1213 2319 καινουργόν

82 2354 114 2409 γι.
127 2337 181 2410 26,
200 2334 329 2393 Ρτοιυ.3
350 2337 381 2392 et
399 2333 600 2407 καινουργεῖν
614 2333 712 2392 Prom.
729 2337 761 2409 63
781 2334 900 2407 Peregr.
912 2327 978 2412 20),
998 2335 1049 2392 ubi
1065 2335 1213 2411 scriptura

82 2423 187 2498 ugiana
214 2425 263 2483 vel
291 2423 364 2482 locis
384 2423 497 2499 428,3
521 2419 559 2480 τὸ
583 2417 773 2496 φιλόκαινον
798 2426 828 2481 et
846 2424 960 2497 428,4
984 2418 1024 2481 τὰ
1047 2419 1213 2496 παράδοξα

82 2509 110 2570 tv
127 2507 335 2585 ἀκουςμάτων
354 2501 648 2592 commendaturlll),

130 2600 233 2660 XXIII
249 2602 322 2675 428,
339 2602 378 2660 19
395 2618 417 2659 s.
436 2599 579 2658 lbb.Gr1·.
599 2593 684 2672 ἔγνω
703 2597 804 2674 μάτην
822 2595 902 2658 κατὰ
919 2600 977 2658 τοῦ
992 2595 1089 2675 φίλου
1104 2616 1212 2673 παραι·

82 2687 196 2762 ιμμένος
225 2688 245 2746 S
264 2684 348 2762 ἰάθη,
373 2689 486 2747 scilicet
510 2688 565 2762 τῆς
590 2682 700 2762 ὀργῆς,
725 2707 801 2766 quae
821 2688 968 2748 scribendi
987 2690 1064 2748 ratIo
1084 2691 1149 2748 tota
1167 2693 1213 2748 est

82 2781 200 2837 roianea.
239 2776 321 2837 Oonf.
340 2779 411 2853 gall.
428 2779 468 2836 28
489 2773 553 2848 ἐγώ
581 2794 612 2836 (ε
637 2773 773 2852 ἰάςομαι,
798 2770 824 2835 ὠ
844 2772 997 2852 Μίκυλλε,
1020 2778 1134 2837 scilicet
1156 2778 1212 2853 τῆς

82 2856 317 2946 λαργυρίαςῖίοθ)

130 2973 227 3034 Multo
246 2991 318 3032 vero
338 2973 489 3031 densiores
507 2972 563 3032 loci
583 2976 661 3051 sunt,
682 2973 735 3032 ubi
753 2972 1082 3049 interpretamenta
1101 2973 1137 3032 in
1156 2993 1211 3033 co-

87 3064 183 3122 cibus
206 3063 311 3120 iuxta
333 3061 510 3138 genuinas
536 3062 738 3137 scripturas
757 3062 878 3137 posita
897 3065 988 3120 sunt.
1026 3062 1120 3138 Saepe
1138 3064 1212 3122 acci·

82 3153 101 3230 t,
122 3156 157 3211 ut
179 3152 273 3211 verba
294 3152 325 3209 in
344 3151 479 3211 versione
499 3149 621 3226 Syriaca
645 3151 858 3226 praetermissa
881 3149 930 3209 vel
949 3170 1004 3227 per
1023 3170 1054 3209 se
1074 3158 1212 3227 suspecta

82 3245 112 3299 rt
152 3240 230 3298 Sunt
257 3244 357 3299 autem
385 3241 476 3298 etiam
504 3240 574 3316 loci,
602 3239 654 3299 ubi
682 3240 814 3299 dubitari
836 3240 944 3315 possit,
971 3242 1073 3298 utrum
1096 3240 1211 3299 codices

82 3330 148 3388 aeci
174 3329 348 3405 interpolati
376 3330 436 3388 sint
464 3347 503 3387 an
531 3328 655 3406 antiqua
680 3332 710 3387 et
733 3329 864 3405 genuIna
887 3329 980 3388 verba
1002 3328 1034 3386 in
1058 3328 1078 3386 S
1101 3329 1211 3388 omissa

82 3419 160 3477 erint.
194 3417 272 3488 Quid
291 3418 425 3493 sentiam,
443 3436 617 3493 proponam.
650 3417 876 3477 Secludenda
894 3417 1056 3477 secundnm
1075 3418 1210 3478 testimo-

82 3527 123 3565 um
143 3507 241 3582 Sergii
261 3525 324 3565 esse
345 3507 422 3565 sine
442 3506 695 3567 controversia
712 3510 785 3582 puto

128 3613 237 3690 Vnae,
247 3615 264 3673 5
273 3631 294 3671 s.
311 3607 381 3673 οἷον
396 3610 434 3687 δὴ
446 3610 503 3687 τὴν
514 3609 631 3673 λύτταν
642 3609 692 3673 καί
702 3610 759 3688 τὴν
770 3608 869 3688 ὀργὴν
881 3610 1066 3674 δεικνύουςα
1077 3606 1210 3693 (ASDP

82 3717 113 3762 υν
131 3697 196 3779 διὰ,
221 3703 351 3761 fortasse
370 3701 455 3761 scrib.
476 3697 527 3760 διὰ
545 3698 662 3777 ταύτη(
681 3703 794 3762 scilicet
811 3703 866 3775 τῆς
885 3695 1011 3784 δᾳδός),
1035 3721 1110 3780 quae
1129 3706 1210 3762 recte

82 3792 150 3851 .bere
177 3810 236 3852 non
261 3809 349 3866 posse
372 3791 434 3849 iam
457 3789 587 3850 Oobetns
612 3793 718 3867 sensit,
747 3792 797 3869 qui
820 3792 863 3850 ita
887 3792 1120 3852 subveniendum
1145 3810 1210 3851 esse

82 3882 158 3941 taut
177 3883 211 3939 ut
230 3880 410 3940 scriberetur
428 3875 603 3939 δεικνύουςι
623 3901 676 3956 pro
695 3872 952 3959 oeruvuoucolffi),

129 3969 203 4030 VIII
218 3971 291 4046 423,
307 3971 347 4028 38
364 3987 386 4028 s.
411 3963 512 4047 λάθρᾳ
535 3973 604 4044 post
627 3966 707 4029 κατὰ
729 3969 795 4029 τῶν
818 3964 981 4043 ἀπόντων,
1006 3967 1084 4045 quod
1102 3969 1210 4027 misere

82 4062 172 4135 aguet,
192 4079 260 4118 cum
279 4058 344 4134 ipse
359 4057 506 4116 Lucianue
527 4059 708 4117 calumniam
727 4060 849 4118 definiat
863 4052 1055 4133 κατηγορίαν
1072 4088 1108 4098 -
1120 4089 1158 4098 -
1171 4090 1206 4099 -

82 4161 102 4204 ιν
118 4144 395 4223 κατηγορούμενον
416 4145 588 4219 λεληθυῖαν
598 4139 659 4225 ²1⁰),

128 4236 202 4296 VIII
217 4238 291 4315 424,
306 4239 324 4296 3
337 4256 358 4296 s.
378 4231 459 4296 αύτὰ
478 4231 541 4296 ύτιὸ
559 4237 615 4309 τῆ(
631 4235 781 4311 διαβολή(
796 4232 1112 4311 προεμπεπληςμένα,
1132 4253 1209 4310 quae

82 4341 129 4384 ane
152 4327 230 4443 7nihil
259 4327 402 4386 acuminis
430 4326 461 4384 in
488 4346 519 4386 se
542 4326 654 4385 habent
677 4325 728 4384 sed
752 4329 817 4385 tota
840 4327 1141 4402 interpretamentum
1164 4342 1209 4381 re·

82 4411 144 4473 ›lent
163 4407 213 4496 l¹),
