2744 5130
445 250 665 308 Lucubrationes
684 250 899 322 cyro-craeeae:
1194 253 1257 318 401

94 427 132 483 est
149 423 304 498 permulta
322 424 354 482 et
371 422 409 481 ad
425 421 597 482 Anatolium
618 441 634 480 e
654 421 773 497 scriptis
793 422 982 498 medicorum,
1003 423 1053 498 qui
1073 425 1172 484 aetate
1192 425 1258 502 ipso

94 516 174 571 erant
192 513 372 590 superiores,
391 513 562 586 pervenisse
581 531 634 586 per
647 512 824 587 Apsyrtum,
844 531 931 587 quem
946 511 1088 570 Vindanii
1107 521 1258 573 auctorem

94 602 179 661 luisse
194 602 434 679 fragmentorum
447 600 542 674 ipsius
557 605 587 658 et
602 599 699 676 Sergii
715 603 873 660 concentus
888 601 1003 677 probat,
1023 604 1053 660 et
1073 621 1088 660 e
1107 603 1259 662 volumine

94 690 223 750 Anatolii
242 709 261 749 a
278 689 495 749 recentioribus
514 689 677 748 medicinae
696 690 896 748 veterinariae
915 690 1110 764 scriptoribus
1126 711 1189 751 esse
1208 711 1258 768 pe-

94 781 154 840 tita.
181 779 256 838 lude
269 779 313 855 fit,
332 781 373 851 ut
395 779 517 854 quaein
530 777 726 853 Hippiatricis
741 779 927 855 Hippocrati,
943 778 1114 857 Pelagonio,
1129 781 1259 840 Hierocli

97 870 271 945 tribuuntur,
289 868 377 928 facile
390 868 507 944 possint
527 868 616 926 etiam
634 868 664 925 in
679 868 756 926 libro
770 867 905 927 Anatolii
925 869 1084 927 exstitisse.
1117 869 1194 939 Quin
1215 889 1257 941 ea,

100 976 166 1034 quae
183 958 214 1016 in
233 957 429 1033 Hippiatrieis
449 976 484 1016 ex
503 956 643 1032 Magone,
662 956 831 1033 Diophane,
850 957 991 1015 Africano
1011 957 1191 1033 afferuntur,
1210 959 1259 1017 vel

101 1065 145 1122 per
162 1066 192 1106 se
215 1046 280 1106 veri
298 1045 393 1105 simile
413 1049 459 1104 est
482 1045 553 1104 illuc
577 1064 613 1102 ex
631 1045 772 1104 Anatolio
795 1046 979 1121 pervenisse,
1003 1047 1087 1104 cuius
1111 1046 1147 1105 de
1166 1047 1259 1105 medi·

102 1136 350 1196 cinareterinaria
369 1135 535 1194 doctrinam
555 1153 693 1211 magnam
714 1139 828 1210 partem
844 1135 904 1194 illis
923 1135 1025 1194 deberi
1044 1138 1124 1194 certo
1140 1136 1258 1195 demon-

104 1225 306 1305 stmripotest

177 1314 282 1390 Neque
300 1313 379 1373 eninr
399 1313 493 1373 solum
512 1313 543 1370 in
561 1314 755 1372 restituendis
774 1313 869 1388 ipsius
889 1313 1022 1371 Anatolii
1042 1313 1160 1387 scriptis
1181 1332 1260 1372 sunr-

105 1421 159 1463 nus
176 1406 222 1463 eet
239 1403 389 1478 epitomae
406 1401 601 1460 Londinensis
616 1403 819 1478 versionisque
834 1402 981 1461 Arabicae
995 1421 1076 1478 usuc,
1096 1402 1148 1461 sed
1167 1403 1258 1460 etiam

106 1493 139 1551 ad
162 1495 329 1551 auctores
357 1491 428 1550 viri
455 1493 724 1567 cognoscendos
753 1491 916 1566 Sergianae
943 1491 1087 1551 versionis
1116 1491 1259 1565 reliquiae

106 1580 246 1640 conferunt
264 1579 435 1656 plurimum.
456 1610 497 1619 -
521 1578 665 1655 Incipiam
690 1580 915 1656 adispiciendis
939 1581 981 1639 eis
1000 1579 1185 1655 auctoribus,
1207 1580 1259 1654 qui

105 1668 130 1726 iu
147 1669 219 1728 libro
242 1668 283 1726 de
309 1669 544 1744 generatione
567 1675 602 1727 et
625 1669 801 1737 medicina
822 1669 1027 1728 animalium
1052 1672 1172 1744 praeter
1191 1667 1260 1742 Ap-

106 1760 229 1832 syrtum
252 1756 393 1817 videntur
416 1756 543 1815 adhibiti
564 1775 638 1818 esse.
674 1758 793 1818 Diserte
816 1758 951 1834 laudata,
974 1760 1119 1832 quantum
1143 1777 1158 1815 e
1182 1758 1260 1834 frag·

106 1847 200 1906 mentis
219 1846 359 1922 Sergiani
381 1847 478 1921 operis
503 1846 603 1922 colligi
620 1849 734 1923 potest,
758 1866 818 1906 non
841 1850 928 1906 erant
949 1846 1008 1905 nisi
1031 1847 1144 1923 scripta
1167 1847 1203 1904 de
1226 1867 1259 1904 re

103 1936 203 1995 rustica
217 1926 441 2013 Democriti²³¹)
462 1938 492 1994 et
506 1926 705 2016 Sotionis.²³²)
737 1935 936 1995 Democriti
950 1934 1162 2010 Abderitae,
1182 1954 1258 2013 quae

104 2025 171 2097 apud
188 2027 305 2084 veteres
324 2025 498 2083 ferebantur
519 2024 556 2082 de
580 2025 765 2100 agricultura
790 2029 820 2084 et
838 2024 996 2100 medicina,
1020 2025 1131 2100 scripta
1155 2019 1258 2098 χειρό-

104 2105 262 2192 runcum),
281 2109 355 2186 περὶ
374 2112 575 2186 ευμπαθειῶν
594 2111 645 2172 καὶ
664 2105 948 2192 cvrieeeeavm),
973 2110 1046 2187 περὶ
1065 2109 1258 2187 γεωργίηεῆ

102 2193 339 2282 stupratum),
358 2197 569 2276 ὑπομνήματα
577 2193 631 2282 ²³⁶)
651 2222 684 2262 re
702 2223 775 2262 vera
793 2203 875 2262 Boli
893 2207 978 2261 erant
996 2202 1184 2279 Mendesii,
1208 2202 1259 2277 qui

103 2289 192 2350 floruit
210 2291 412 2366 Theophrasti
430 2291 509 2350 inter
527 2293 668 2371 aetatem,
687 2312 775 2368 quern
795 2283 965 2372 laudatffi),
986 2311 1001 2349 e
1032 2291 1186 2366 Varronis,
1206 2291 1259 2365 qui

102 2379 203 2453 primus
217 2380 439 2440 Democriteam
458 2380 494 2440 de
510 2399 542 2438 re
556 2381 671 2441 rustica
689 2382 855 2442 doctrinam
874 2371 1064 2459 respicit²³⁸),
1084 2377 1259 2437 Callimachi

103 2467 166 2545 iere,
188 2469 214 2528 si
235 2488 342 2528 verum
365 2459 540 2548 odernam)
563 2470 653 2547 vidit,
676 2461 930 2548 temporibus.²4⁰)
977 2468 1050 2526 Dius
1074 2468 1166 2527 libros
1190 2468 1257 2545 quis

100 2560 177 2631 putet
194 2560 312 2618 saeculo
326 2562 396 2634 post-
410 2555 562 2617 Christum
576 2562 681 2619 natum
700 2562 807 2634 quarto
822 2560 955 2636 integros
970 2557 1164 2632 superfuisse,
1183 2576 1257 2634 quos

100 2645 152 2704 iam
164 2645 292 2707 Senecae
307 2648 439 2724 aequalis
455 2645 620 2708 Columella
635 2647 699 2723 ipse
713 2668 772 2708 non
786 2647 904 2724 legerit,
920 2646 1021 2722 utqui
1036 2646 1155 2705 eosdem
1169 2647 1257 2704 modo

100 2731 252 2796 Democriti
270 2737 358 2796 modo
372 2736 439 2796 Boli
458 2755 522 2796 esse
541 2738 694 2813 scriberet,
713 2742 804 2812 prout
822 2738 890 2796 illos
910 2735 1069 2811 asingulis
1084 2735 1257 2794 auctoribus

101 2823 155 2884 suia
175 2825 312 2885 laudatos
335 2825 502 2886 Inveniretl
531 2856 570 2868 -
602 2827 728 2886 Sotion
757 2828 808 2903 qui
832 2826 871 2886 sit
898 2825 1124 2902 intelligendus,
1153 2842 1258 2900 parum

100 2905 250 2995 liquam)
284 2915 320 2974 In
338 2915 476 2974 manibus
490 2915 623 2975 Anatolii
643 2919 723 2975 certe
741 2935 778 2974 ne
798 2904 860 2974 eius
881 2915 1000 2990 quidem
1016 2914 1092 2972 liber
1107 2918 1180 2973 erat.
1213 2913 1258 2971 llx

100 2999 265 3079 fragmentis
288 3003 420 3063 Sotionis
444 3004 522 3064 enim
545 3005 575 3063 in
598 3004 772 3081 Geoponicis
793 3005 911 3064 Graecis
937 3009 966 3062 et
989 3005 1124 3063 versione
1143 3003 1258 3080 Kostae

101 3092 217 3152 servatis
241 3096 367 3169 apparet
389 3097 548 3170 praecepta
572 3095 629 3154 viri
651 3114 710 3154 non
734 3095 830 3152 solum
854 3093 891 3150 ad
915 3093 1091 3152 medicinam
1112 3091 1258 3151 veterina-

101 3179 166 3239 riam
192 3183 244 3240 sed
272 3182 310 3242 ad
333 3183 505 3242 universam
528 3202 591 3241 rem
616 3183 758 3242 rusticam
783 3182 972 3257 spectavisse.
1019 3180 1258 3239 Consentaneum

102 3267 183 3343 igitur
197 3275 262 3331 erat
277 3289 322 3350 ea,
341 3272 367 3330 si
381 3272 521 3332 Anatolio
535 3274 656 3348 cognita
670 3273 805 3344 fuissent,
825 3271 916 3331 etiam
936 3270 965 3327 in
983 3270 1093 3347 eclogia
1113 3268 1258 3328 adhiberi.

103 3356 184 3434 Atqui
200 3360 280 3419 inter
299 3379 361 3435 eos,
385 3379 545 3436 equorum
569 3362 661 3420 libris
673 3361 833 3420 Anatolius
858 3361 976 3436 eclogas
996 3377 1065 3417 suas
1089 3358 1258 3434 confecerit,

103 3443 213 3508 Photius
233 3448 385 3508 Sotionem
403 3469 462 3508 non
480 3455 627 3512 numerat.
659 3450 766 3529 Itaque
783 3449 946 3508 Democriti
965 3451 995 3507 et
1015 3447 1145 3507 Sotionis
1164 3448 1259 3506 nomi-

102 3533 177 3597 nibus
190 3536 322 3598 laudatis
335 3557 442 3612 parum
457 3538 602 3598 iuvamur.
618 3571 660 3581 —
675 3539 719 3599 Do
734 3540 855 3598 maiorIs
869 3537 1014 3597 momenti
1029 3541 1147 3596 estnon
1161 3555 1258 3612 pauca

101 3626 246 3685 convenire
265 3627 342 3686 libro
356 3627 490 3686 Anatolii
509 3647 575 3686 curn
591 3629 731 3689 Romanis
747 3629 923 3703 Varrone,
939 3626 1153 3705 Columella,
1171 3625 1258 3684 Gar·

100 3710 181 3786 gilio
194 3714 368 3775 Martiali.
400 3716 503 3776 Liceat
521 3736 580 3794 eos,
600 3718 652 3795 qui
666 3721 803 3778 accurate
822 3717 879 3775 sibi
897 3716 1085 3792 respondent,
1105 3715 1183 3774 locos
1204 3715 1259 3773 sub

102 3818 152 3862 nno
170 3808 330 3880 conspectu
348 3824 470 3880 ponere:
552 3796 555 3801 ’

179 3891 215 3953 G.
234 3892 264 3953 S.
282 3893 389 3953 XIIII
412 3895 456 3954 ed.
476 3893 614 3970 Lagardc
634 3899 684 3973 99,
705 3898 744 3955 15
760 3915 782 3954 a.
802 3888 851 3975 (G.
872 3894 906 3954 C.
926 3894 981 3952 XV
997 3896 1015 3952 2
1036 3884 1257 3972 §15);Va1·r0

98 3975 176 4041 1116
196 3979 217 4056 ξ
233 3984 274 4042 28
294 3987 469 4059 „praeterea
486 4016 530 4024 -
549 3983 736 4044 seditiones“.

179 4069 215 4130 G.
225 4069 254 4131 S.
269 4071 369 4132 ΧΙΠ4
385 4064 433 4152 (G.
445 4072 480 4131 C.
490 4073 578 4132 XVII
590 4066 636 4154 1);
656 4074 751 4132 Varro
765 4073 824 4132 115
841 4070 861 4148 ἓ
873 4075 913 4131 12
929 4075 1015 4148 „ante
1026 4103 1067 4112 —
1079 4065 1259 4145 concipere“.

176 4160 213 4220 C.
228 4160 257 4222 S.
271 4160 379 4220 Xfflv
400 4163 445 4222 ed.
460 4161 597 4237 Lagarde
617 4165 689 4237 102,
706 4165 744 4221 27
758 4182 779 4221 s.
801 4155 851 4243 (Cr.
867 4162 901 4221 C.
916 4160 1004 4218 XVII
1020 4163 1037 4219 6
1058 4158 1077 4233 ξ
1095 4152 1142 4236 1);
1161 4159 1258 4217 Varro

94 4247 151 4311 [15
171 4247 192 4325 ἓ
210 4250 251 4310 13
270 4269 353 4327 „mas
371 4269 410 4310 an
428 4252 539 4310 femina
558 4284 598 4293 -
619 4253 649 4309 in
669 4250 912 4310 siuisteriorem“.

177 4337 214 4398 G.
234 4336 263 4400 S.
281 4339 355 4398 XIII
375 4344 393 4401 9
414 4340 484 4400 ibid.
505 4342 578 4416 102,
599 4343 638 4400 29
656 4361 678 4400 s.
698 4334 747 4419 (C.
768 4340 803 4399 C.
822 4339 907 4398 XVII
927 4341 945 4399 8
966 4337 985 4412 ξ
1008 4328 1055 4417 1);
1075 4336 1169 4394 Varro
1189 4336 1257 4395 II2

94 4431 162 4504 519
183 4430 238 4505 „at
255 4430 383 4488 maxime
406 4463 443 4471 —
464 4425 538 4489 lac“.

134 4537 222 4582 Jahrb.
237 4537 254 4578 f.
268 4538 335 4578 clare.
349 4539 431 4579 PhiloL
451 4538 529 4586 Suppl.
542 4539 586 4578 Bd.
597 4538 660 4578 XXL
1013 4531 1047 4582 26
