2744 5130
158 259 224 323 524
394 258 427 315 A.
443 259 624 315 Baurnstarlrr
644 256 863 314 Lucubrationes
883 256 1099 330 Syro-Graecae.

268 418 416 475 Versiones
435 420 594 475 Aristotelis
613 421 659 489 (de
678 421 803 490 mundo),
820 419 949 476 hocraffis
968 420 1016 489 (ad
1033 417 1241 490 Demonicurn,
1283 380 1337 421 Μ’

301 491 418 547 Luciani
436 492 481 560 (de
500 490 660 562 calumnia),
679 490 830 547 Themistii
848 492 893 559 (de
910 492 1024 561 virtute,
1044 489 1241 559 deamicitia,
1299 540 1304 547 .

300 562 444 617 Plutarchi
464 563 510 631 (de
529 562 739 628 exercitatione,
759 563 793 618 de
812 564 967 618 cohibenda
984 563 1039 634 ira)
1053 562 1242 618 emendantur
1282 566 1336 619 408

265 632 307 687 De
323 634 480 688 versionum
494 634 554 689 sine
567 632 681 689 nomina
694 633 856 705 interpretis
870 636 1044 690 servatarum
1058 635 1088 689 et
1101 633 1240 691 versionis

299 705 458 761 Aristotelis
478 703 630 775 Sergianae
649 708 786 761 concentu
805 704 940 761 sermonis
946 747 1240 764 .........
1282 712 1336 763 418

263 774 303 830 Do
327 777 436 832 ratione
457 776 585 830 vertendi
604 776 740 846 Sergiano
757 778 787 831 in
805 776 978 833 versionibus
995 776 1056 832 sins
1074 774 1240 847 interpretis
1265 845 1268 849 Ι

301 848 413 902 nomine
433 848 550 902 servatis
569 849 718 917 conspicua
731 890 1238 906 ...............
1281 854 1334 905 487

264 918 305 972 De
315 919 490 973 versionibus
499 919 636 987 isocratis,
651 918 775 989 lanciani,
789 919 946 989 Themistii,
960 919 1104 975 Plutarchi
1113 936 1239 975 arccan-

273 1027 280 1037 .
299 990 417 1044 tioribns
436 989 596 1045 retractatis
625 1033 1239 1049 ..................
1281 996 1335 1049 484

159 1077 294 1152 talantii.
327 1077 421 1151 Spicea
440 1077 557 1134 criticae
589 1120 1239 1138 ...................
1281 1086 1334 1137 488

193 1174 217 1221 1.
242 1168 451 1234 Ἰεοκράτου(
469 1168 485 1220 ὁ
503 1168 588 1235 πρὸ(
606 1168 803 1235 Δημόνικον
837 1209 1239 1227 ............
1280 1174 1334 1225 488

193 1244 218 1294 2.
242 1240 432 1292 Λουκιανοῦ
450 1241 526 1305 περὶ
545 1244 604 1292 τοῦ
624 1243 665 1306 μὴ
684 1239 810 1309 ῥᾳδίως
827 1241 998 1295 πιετεὺειν
1017 1243 1156 1309 διαβολῇ
1194 1283 1238 1299 ..
1280 1246 1333 1297 488

193 1315 218 1363 3.
242 1309 420 1376 Θεμιετίου
440 1311 456 1363 ὁ
474 1314 550 1377 περὶ
570 1310 684 1378 φιλία(
694 1353 1239 1371 ................
1281 1316 1335 1369 484

192 1386 217 1433 4.
241 1381 465 1447 Πλουτάρχου
484 1385 561 1448 περὶ
581 1381 765 1449 teoracia(
801 1424 1238 1441 .............
1280 1389 1333 1441 aaa

192 1459 217 1504 8.
239 1451 422 1506 Lectiones
442 1452 614 1507 Galeneae
626 1496 1238 1513 ..................
1280 1460 1334 1513 470

157 1540 244 1612 Caput
258 1538 306 1597 lIl.
333 1541 371 1597 lle
390 1540 560 1614 fragmentis
579 1540 725 1597 Menandri
744 1541 856 1613 Syriaci
875 1585 1238 1601 ...........
1281 1548 1334 1600 478

264 1630 304 1684 De
324 1630 432 1684 duobus
451 1629 594 1700 florilegiis
612 1629 756 1685 Landiano
775 1633 804 1685 et
822 1630 998 1686 Sachaviano
1015 1674 1237 1690 .......
1279 1638 1333 1691 478

262 1700 363 1755 Landii
380 1700 410 1755 in
428 1702 582 1756 tractandis
601 1702 765 1770 fragmentis
783 1702 856 1758 ratio
874 1702 1013 1757 refutatur
1050 1745 1238 1761 ......
1280 1710 1333 1761 478

262 1771 433 1841 Fragmenta
456 1773 546 1826 denuo
571 1772 670 1828 Latine
692 1789 774 1828 versa
796 1774 832 1828 ad
855 1774 989 1843 reliquias
1012 1776 1042 1829 et
1064 1773 1239 1831 imitationes
1314 1794 1320 1807 ·

297 1861 387 1897 novae
408 1843 568 1898 comoediae
587 1843 699 1899 Atticae
718 1845 916 1914 comparantur
944 1888 1237 1904 .........
1280 1852 1332 1903 478

262 1912 303 1967 De
322 1913 522 1984 florilegiorum
541 1915 687 1984 affinitate,
707 1914 919 1986 compositione,
938 1917 1031 1972 aetate
1050 1960 1236 1974 ......
1280 1922 1332 1975 487

157 2002 379 2059 Adnotationes.
395 2012 400 2021 “
409 2047 1236 2064 ........................
1279 2012 1332 2063 481

156 2073 324 2141 Argumenti
343 2077 508 2144 conspectus
515 2118 1236 2135 .....................
1279 2082 1332 2135 osa
