2744 5130
296 185 310 215 ἱ

119 222 185 286 396
471 177 474 183 ·
593 225 625 281 A.
642 225 820 280 Baumstarlx:

41 450 46 456 .
120 396 233 452 matore
252 413 312 453 non
327 413 362 453 ex
377 413 466 470 opere
481 393 577 471 Sergii
591 395 723 470 excerpti
737 397 837 453 essent
852 394 905 454 sed
918 394 989 454 novi
1005 394 1122 453 adiecti.
1153 393 1267 471 Sergius

119 502 190 542 vero
218 483 317 558 ipsum
345 484 513 543 universam
542 484 714 560 eclogarum
739 483 965 559 dispositionem
988 483 1019 542 in
1043 484 1187 543 vertendo
1210 485 1267 542 dele

115 572 206 645 visse,
229 571 266 631 iis
292 573 470 631 credendum
489 573 671 648 relinquam,
699 573 722 631 si
743 573 793 648 qui
808 572 888 638 iorte
907 573 989 631 illius
1008 572 1183 648 interpretis
1202 573 1267 631 fidem

38 729 41 734 ,
114 663 268 736 artemque
296 680 403 736 parum
432 662 582 736 cognitam
608 662 785 720 habuerunt.
835 659 945 720 Contra
973 662 1225 743 eamrationem,
1247 665 1267 720 ul

114 748 199 808 libris
214 749 335 809 Graecis
351 769 369 808 a
384 768 415 808 se
431 749 551 826 Syriaca
567 750 665 826 editis,
681 751 891 825 supplementa
905 751 1037 810 adiceret
1051 769 1087 809 ex
1101 752 1161 811 alio
1177 750 1267 810 Gracco

114 838 197 897 fonte
221 839 329 898 hausta
352 839 401 898 vel
424 857 501 898 nova
521 856 588 897 ase
608 839 787 915 composIta,
816 839 938 914 Sergius
958 840 1050 898 etiam
1067 840 1099 898 in
1118 841 1234 900 Ahrone
1249 843 1267 898 el

115 926 228 986 Galeno
251 927 404 1013 ingressus
429 930 483 986 est.
521 927 651 987 Ahronis
677 938 803 990 canones
829 947 846 986 a
871 926 960 988 (losio
981 920 1100 1008 (Gesio)
1125 931 1267 988 translatos

113 1034 181 1074 cum
205 1016 318 1092 ederet,
344 1035 437 1075 novos
462 1016 572 1075 adiecit
594 1017 688 1075 libros
707 1016 805 1074 XXXI
830 1019 860 1075 et
883 1016 1005 1077 XXXII.
1049 1016 1267 1083 Galenilibrun

113 1101 186 1178 περὶ
214 1100 361 1179 κριείμων
389 1101 515 1178 ἡμερῶν
544 1125 563 1165 a
591 1125 622 1165 se
647 1105 768 1182 Syriaco
795 1123 916 1165 versum
943 1106 1095 1182 supplevit
1115 1107 1222 1166 addita
1243 1107 1267 1165 dc

114 1194 221 1252 effectu
239 1194 328 1253 lunae
347 1193 564 1254 dissertatione.
601 1194 707 1270 Itaque
727 1214 761 1253 eo
781 1195 925 1268 adducor,
946 1199 980 1253 ut
998 1195 1071 1266 mibi
1090 1196 1267 1271 persuadeam

112 1282 156 1340 ad
174 1283 377 1342 versionem
396 1284 602 1360 eclogarum
616 1284 782 1343 Anatolii
802 1302 870 1343 non
883 1285 1070 1358 pertinere
1083 1286 1155 1344 nisi
1170 1286 1267 1363 libros

112 1363 231 1447 operis
251 1371 423 1448 Sergiani
445 1372 527 1432 inde
551 1391 569 1431 a
591 1375 705 1449 primo
725 1391 841 1449 usque
860 1372 904 1430 ad
922 1373 1096 1432 decimum
1117 1375 1267 1450 alterum,

111 1459 204 1520 libros
223 1460 298 1520 XlII
317 1464 347 1520 et
365 1461 437 1520 XIV
456 1480 473 1520 a
493 1461 597 1538 Sergio
616 1461 734 1521 additos
754 1480 833 1536 esse,
857 1464 891 1520 ut
909 1480 962 1520 suo
982 1481 1071 1538 opere
1091 1463 1182 1522 etiam
1199 1481 1267 1538 quos-

112 1549 180 1607 dam
204 1551 248 1609 rei
270 1551 402 1609 rusticae
423 1550 504 1609 locos
523 1553 561 1611 ab
581 1550 721 1610 Anatolio
741 1550 771 1608 in
791 1550 902 1626 eclogis
922 1551 1040 1610 silentio
1059 1552 1267 1626 praetermissos

110 1638 287 1700 illustraret.
308 1670 345 1681 -
370 1637 464 1710 Quam
484 1641 685 1699 coniecturam
704 1659 764 1699 non
784 1641 845 1698 tam
865 1640 1007 1699 audacter
1025 1640 1205 1716 proferrem,
1224 1637 1266 1698 nisi

112 1728 169 1802 ipsi
191 1728 275 1804 libri,
303 1729 339 1787 (16
364 1728 473 1803 quibus
492 1728 606 1804 agitur,
632 1747 778 1804 perquam
798 1729 913 1788 olerent
931 1729 1182 1802 additamentum,
1206 1727 1266 1805 quod

72 1860 77 1869 .
112 1835 211 1892 neque
231 1837 297 1875 cum
317 1817 401 1876 libris
421 1817 575 1877 duodecim
601 1818 751 1894 prioribus
771 1819 911 1878 cohaeret
928 1837 1025 1894 neque
1042 1818 1141 1893 ipsum
1161 1818 1266 1893 simplex

113 1908 160 1989 est
179 1907 218 1980 et,
238 1909 273 1964 ut
291 1905 333 1965 sic
352 1907 485 1980 dixerim,
504 1908 536 1965 in
554 1926 586 1966 se
606 1908 787 1966 conclusum.

201 2012 335 2071 Primum
358 2032 396 2071 ne
419 2013 448 2072 id
472 2014 594 2090 quidem
615 2014 890 2090 dignum'videtur,
914 2002 992 2089 quod
1012 2013 1131 2074 silentio
1150 2016 1265 2072 transea-

108 2120 188 2175 mus,
215 2102 263 2160 vel
282 2103 413 2162 ambitus
432 2102 577 2162 librorum
596 2104 730 2178 adprime
750 2106 904 2178 suspectos
925 2122 996 2162 esse.
1034 2100 1109 2161 Cum
1129 2103 1207 2161 enim
1223 2102 1266 2160 sin·

109 2191 249 2267 gulorum
280 2191 427 2250 librorum
459 2193 590 2252 ambitus
619 2192 650 2251 in
678 2193 809 2268 epitoma
837 2191 1019 2250 Londinensi
1045 2191 1126 2250 idem
1154 2192 1213 2250 fere
1238 2188 1267 2248 sit

107 2297 201 2356 usque
230 2280 268 2338 ad
296 2281 441 2339 decimum
466 2282 608 2358 alterum,
635 2281 713 2340 liber
735 2280 811 2353 XIII
833 2280 974 2352 duorum,
1003 2280 1082 2356 quod
1105 2281 1182 2340 solet
1207 2295 1267 2349 esse,

6 2400 11 2409 ·
108 2369 254 2428 librorum
278 2363 407 2445 spatium
431 2371 544 2446 explet,
568 2369 640 2428 XIV
664 2369 758 2428 multo
784 2371 830 2428 est
854 2369 942 2429 solito
969 2369 1094 2428 tenuior.
1131 2369 1205 2428 Rem
1221 2385 1267 2426 nou

108 2457 146 2516 ad
174 2459 350 2534 excerpendi
378 2458 525 2517 rationem
554 2459 590 2518 ab
621 2458 817 2534 epitomatore
844 2458 1015 2518 institutam
1045 2457 1098 2516 sed
1125 2458 1164 2516 ad
1186 2458 1266 2533 ipsam

104 2547 334 2624 dispositionem
358 2547 474 2623 antiqui
499 2548 595 2624 operis
619 2547 817 2606 revocandam
841 2565 906 2606 esse
929 2548 998 2607 inde
1017 2548 1129 2623 elucet,
1155 2545 1267 2624 quodie

108 2636 185 2696 libro
199 2636 274 2695 XIII
294 2657 353 2696 non
371 2637 470 2696 minus
488 2656 542 2712 pro
560 2639 627 2696 rata
641 2639 728 2712 parte
742 2655 831 2713 quam
845 2635 876 2692 in
891 2635 1017 2711 singulis
1031 2635 1117 2695 libris
1132 2635 1267 2710 prioribus

108 2725 146 2782 ab
176 2725 372 2800 epitomatore
399 2724 655 2800 praetermissum·
672 2743 738 2784 esse
766 2728 797 2784 et
823 2725 890 2800 ipsa
915 2743 963 2783 res
989 2727 1020 2782 et
1045 2725 1156 2784 collata
1181 2722 1265 2783 versio

96 2813 221 2892 'Kostae
240 2815 360 2892 docent,
383 2815 494 2874 librum
513 2817 613 2873 autem
631 2813 702 2873 XIV
720 2814 886 2889 antiquitus
905 2812 1112 2872 brevissimum
1132 2812 1222 2872 fuisse
1239 2826 1266 2869 ex

108 2903 278 2977 argumenti
306 2902 536 2980 significatione,
564 2922 640 2979 quae
668 2903 699 2960 in
726 2902 878 2978 prooemio
904 2902 981 2959 libro
1004 2901 1168 2976 praemisso
1193 2903 1266 2972 inest,

108 2990 305 3066 cognoscitur.
323 3022 360 3032 —
376 2991 441 3052 Iam
461 2994 621 3067 utrumque
639 2992 750 3050 librum
763 2992 855 3066 paulo
869 2989 1039 3049 accuratius
1052 2992 1265 3065 perlustramus.

107 3080 240 3138 Primum
255 3079 305 3138 de
327 3080 421 3140 libro
441 3080 515 3139 XIII
540 3079 645 3140 dicam.
682 3079 774 3140 Cuius
797 3081 968 3145 duaesunt
990 3083 1091 3156 partes
1117 3079 1265 3150 ‚admodum

105 3170 184 3228 iuter
204 3187 235 3228 se
254 3169 391 3245 impares.
429 3169 544 3246 Altera,
563 3189 640 3247 quae
659 3173 741 3229 esta
760 3169 857 3244 capite
876 3169 972 3244 primo
991 3187 1086 3245 usque
1105 3169 1144 3227 ad
1163 3171 1264 3228 sextum

105 3261 135 3317 et
154 3258 383 3336 sexagesimum,
401 3261 561 3335 praecepta
580 3260 713 3318 continet
731 3258 768 3317 de
787 3256 990 3334 generatione,
1010 3257 1194 3335 educatione,
1215 3272 1265 3313 me·

105 3346 202 3406 dicina
216 3340 403 3420 animalium,
423 3367 507 3424 quae,
522 3349 657 3423 quamvis
672 3348 769 3406 multa
783 3347 933 3405 interiisse
946 3346 995 3405 vel
1009 3346 1125 3421 primus
1140 3347 1265 3422 aspectus

104 3436 222 3509 doceat,
241 3456 332 3493 unum
353 3439 384 3495 et
403 3437 528 3513 simplex
547 3437 711 3512 consilium,
731 3435 906 3511 diligentem
922 3433 1024 3494 rerum
1043 3435 1266 3511 dispositionem,

104 3525 292 3600 aequabilem
321 3526 506 3601 singulorum
536 3526 750 3601 expositionem
777 3525 852 3583 adeo
877 3524 1043 3599 denudant,
1070 3528 1105 3582 ut
1128 3525 1215 3584 unius
1237 3521 1266 3578 do

102 3614 295 3689 generatione
319 3616 350 3672 et
373 3615 519 3673 medicina
542 3615 716 3673 animalium
740 3613 901 3673 voluminis
923 3612 1094 3690 fragmenta
1111 3632 1198 3672 nemo
1216 3625 1267 3670 non

103 3693 309 3780 agnoscatffl)
347 3692 487 3780 Proprius
509 3703 553 3762 rei
572 3704 702 3762 rusticae
721 3721 793 3762 usus
813 3702 887 3762 haec
905 3703 1005 3777 capita
1024 3702 1088 3761 fere
1107 3722 1166 3761 non
1184 3698 1267 3791 respi-

104 3791 195 3851 ciunt.
233 3790 336 3867 Longe
355 3793 485 3868 plurima
504 3794 541 3851 ad
560 3791 739 3852 medicinam
757 3790 968 3851 veterinariam
988 3794 1132 3865 spectant.
1170 3791 1267 3864 Singu-

53 3892 56 3897 '
101 3880 159 3938 lari
178 3883 279 3962 alitem
304 3899 375 3939 cura
400 3885 430 3940 et
453 3882 591 3940 ubertate
616 3881 868 3958 degeneratione
892 3879 1066 3939 animalium
1090 3879 1265 3955 disputatur.

103 3969 211 4028 Altera
229 3988 308 4046 pars,
328 3989 405 4045 quae
425 3973 471 4029 est
485 3989 503 4028 a
516 3971 613 4046 capIte
629 3969 815 4046 sexagesimo
831 3970 957 4044 septimo
971 3987 1067 4045 usque
1082 3969 1120 4028 ad
1136 3971 1267 4046 quartum

103 4061 134 4116 et
152 4057 423 4137 septuagesimum,
451 4059 584 4119 continet
604 4063 671 4120 octo
691 4061 727 4119 (16
746 4060 864 4118 cultura
882 4077 1038 4134 pomorum
1056 4058 1213 4149 paradoxa.
1232 4079 1267 4098 ν

101 4156 221 4215 Titulus
246 4156 352 4232 capitis
371 4156 460 4232 primi
480 4160 525 4215 est
545 4137 742 4237 ibssiozybs
761 4158 816 4232 „ad
836 4151 934 4233 apes“,
959 4156 1139 4232 sexagesimi
1158 4147 1267 4231 septim?

101 4247 268 4377 'togam
296 4265 352 4340 „ad
382 4258 528 4340 plantas“.
575 4263 632 4335 Qui
661 4269 741 4325 recte
769 4264 880 4332 habere
907 4282 967 4321 non
994 4266 1128 4338 possunt.
1171 4263 1267 4338 Neque

100 4376 192 4455 enim,
217 4380 251 4436 ut
268 4379 305 4438 (16
324 4397 358 4438 66
377 4378 460 4454 prius
476 4378 584 4453 dicam,
611 4379 707 4455 capIte
727 4377 910 4454 sexagesimo
931 4378 1063 4453 septimo
1081 4378 1267 4439 universes<
