2744 5130
420 257 639 312 Lucubrationes
658 256 871 327 Syro-Graecae.
1163 257 1226 322 367

56 426 180 501 quidem
200 425 372 498 versionum
389 425 599 501 Sergianarum
618 427 757 485 notitiam
776 427 891 485 nullam
909 426 1059 498 habuerit,
1078 427 1130 485 sed
1149 428 1228 502 quod

56 517 94 574 ab
113 515 254 589 Honaino
278 515 424 589 quaedam
444 518 626 574 retractatae
646 533 710 574 esse
733 516 980 590 perhibebantur,
1003 518 1116 574 temere
1139 517 1227 575 colle-

57 603 137 679 gerit
151 602 309 662 mediocris
325 621 426 662 omnes
438 604 512 662 artis
526 604 628 681 fuisse,
643 622 777 680 quaeque
786 604 982 679 perpetientis
997 606 1028 662 et
1043 604 1227 664 emendantis
1292 616 1295 623 '

57 712 182 750 manum
204 691 385 768 flagitarent.
420 692 589 774 Hpnainum
616 712 689 752 vero
711 695 799 768 longe
821 693 880 751 alio
906 694 995 767 atque
1018 711 1112 768 prava
1136 693 1226 752 corri-

59 780 150 858 gendi
170 780 292 840 consilio
311 776 463 840 versionis
482 781 640 857 Sergianas
661 781 798 857 attigisse
817 781 896 839 infra
915 781 1135 841 demonstrabo.

147 869 291 929 Iurenem
315 869 453 946 Sergium
478 871 720 929 Alexandriae
744 870 877 929 studiis
903 871 1092 929 vacavisse
1114 871 1228 948 gravis-

59 959 152 1017 simus
172 963 276 1017 auctor
294 963 341 1017 est
358 959 660 1034 Pseudo-Zacharias,
682 959 857 1018 confirmata
875 959 981 1018 deinde
1001 962 1100 1018 aetate
1119 959 1227 1018 Resa-

57 1055 141 1106 l'nae
160 1035 360 1107 archiatris
385 1065 463 1106 esse
486 1049 646 1107 functum
669 1049 748 1107 inter
766 1066 867 1106 omnes
886 1048 962 1121 fere,
986 1047 1038 1124 qui
1055 1048 1141 1108 nobis
1160 1066 1228 1106 exa·

60 1135 194 1194 minandi
214 1141 307 1212 erant,
327 1138 485 1211 scriptores
505 1126 650 1196 convenit.
682 1136 783 1195 Etiam
803 1137 1026 1196 sacerdotali
1046 1137 1227 1214 dignitate

59 1225 176 1283 virum
195 1228 361 1283 ornatum
379 1225 493 1284 fuisse
512 1245 528 1283 e
543 1225 642 1284 titulis
657 1226 802 1284 librorum
817 1226 933 1301 abipso
948 1225 1182 1300 conscriptorum
1189 1217 1227 1305 73)

59 1314 110 1389 qui
129 1316 261 1372 aetatem
281 1314 424 1387 tulerunt,
443 1318 576 1389 apparet,
595 1314 696 1389 colligi
713 1316 762 1374 rel
776 1314 845 1373 inde
859 1317 986 1391 poterat,
1005 1314 1084 1390 quod
1099 1315 1228 1373 Pseudo-

59 1402 218 1461 Zacharias
238 1403 403 1462 orationem
422 1404 512 1462 abeo
532 1402 644 1462 deiide
663 1403 796 1462 habitam
814 1404 926 1462 laudat.

80 1549 88 1564 ,
128 1490 228 1560 ·Quas
247 1510 317 1551 vero
337 1491 370 1549 in
389 1492 664 1567 controversiis,
689 1510 778 1566 quae
798 1492 840 1550 ad
859 1493 1027 1568 dogmata
1046 1489 1226 1550 Christia-

56 1598 122 1638 nae
140 1580 340 1655 religionis
362 1581 590 1659 spectabant,
612 1583 715 1656 partes
734 1580 856 1659 Sergius
876 1583 995 1640 secutus
1014 1581 1054 1638 sit
1072 1599 1107 1638 ex
1125 1584 1226 1639 aucto-

57 1688 125 1726 rum
145 1687 233 1745 qnam
253 1669 379 1728 maxime
396 1669 635 1728 dissentientium
649 1669 829 1728 testimoniis
847 1687 906 1728 non
920 1670 1007 1728 facile
1021 1669 1141 1727 videtur
1159 1669 1228 1736 elici

56 1775 154 1832 posse.
193 1756 251 1816 Sed
270 1758 399 1832 primum
425 1758 504 1833 quod
526 1758 557 1816 in
576 1757 703 1818 indicem
722 1759 900 1834 scriptorum
919 1757 1166 1818 Nestorianorum
1189 1759 1227 1816 ab
1268 1782 1271 1788 ·

58 1845 229 1905 Ebediesuo
247 1849 385 1928 receptus
406 1850 463 1920 est,
488 1865 522 1906 eo
542 1847 579 1905 de
596 1847 655 1905 fide
673 1848 731 1906 viri
749 1848 839 1922 plane
861 1847 936 1905 nihil
955 1847 1096 1924 efficitur,
1120 1848 1146 1906 si
1164 1847 1228 1923 qui·
1267 1923 1270 1929 Ι

57 1935 127 1992 dem
140 1935 170 1993 in
187 1936 312 1993 eundem
326 1935 454 1994 indicem
467 1935 653 1995 Ebediesuus
668 1936 759 1994 etiam
774 1936 1112 1995 Iacobum'Edessenum
1127 1936 1226 1994 Mono-

58 2022 250 2099 physitarum
273 2024 352 2082 inter
375 2023 465 2100 Syros
490 2024 577 2084 facile
600 2025 763 2099 principem
787 2025 913 2099 recepit,
942 2026 1020 2101 quod
1048 2027 1134 2083 tanta
1162 2028 1227 2083 erat

56 2112 191 2187 episcopi
210 2112 374 2170 doctissimi
392 2113 563 2186 auctoritas,
583 2115 618 2171 ut
634 2114 725 2172 etiam
739 2113 911 2172 Nestoriani
930 2113 1042 2188 scripta
1061 2114 1124 2172 eius
1143 2114 1226 2172 lecti-

57 2203 169 2258 tarent.
208 2200 293 2269 Quod
311 2201 475 2260 Iacobitam
495 2202 633 2278 Sergium
651 2203 859 2262 Barhebraeus
879 2203 1020 2278 appellat,
1042 2222 1108 2260 eum
1128 2221 1227 2260 recen-

57 2293 118 2348 tius
134 2292 233 2348 sectae
247 2308 355 2349 nomen
369 2292 406 2349 ad
420 2291 588 2350 vetustiora
600 2295 737 2367 tempora
750 2292 940 2351 transtulisse
959 2309 1046 2349 nemo
1063 2309 1122 2348 non
1135 2291 1225 2350 videt.

60 2378 341 2455 Menophysitarum
367 2381 468 2438 autem
492 2379 680 2456 opinionibus
704 2380 801 2457 primo
824 2381 943 2457 quidem
962 2379 1098 2457 Sergium
1117 2379 1227 2438 favisse

56 2487 152 2542 aeque
182 2472 271 2543 atque
294 2468 501 2528 Burhebraeus
525 2471 628 2527 auctor
651 2473 697 2528 est
716 2459 1072 2548 Pseudo-Zacharias.⁷⁴)
1114 2467 1227 2527 Contra

57 2557 113 2615 sub
128 2556 218 2615 finem
231 2556 312 2615 vitae
331 2560 448 2616 tantum
463 2576 522 2616 non
535 2561 618 2617 totus
632 2576 650 2615 a
664 2559 800 2633 partibus
816 2557 1100 2617 chalcedonensium
1117 2557 1225 2615 stabat.

59 2644 91 2704 si
110 2664 217 2704 verum
235 2644 329 2722 video,
349 2645 392 2704 sic
409 2646 472 2705 fere
490 2665 545 2706 resi
558 2647 695 2706 habebat.
728 2647 899 2705 Moderatus
917 2645 1004 2704 initio
1020 2645 1142 2721 Sergius
1161 2647 1227 2703 erat

57 2733 161 2794 Severi
184 2733 412 2811 Menophysitae
436 2738 580 2810 sectator,
609 2735 661 2794 sed
684 2734 809 2794 liberius
833 2739 863 2794 et
886 2734 1046 2794 humanius
1077 2734 1227 2793 sentiebat

57 2842 164 2899 quam,
187 2822 239 2899 qui
257 2823 468 2883 controversiis
487 2825 638 2900 captuosis
657 2825 731 2883 adeo
750 2826 782 2882 et
800 2824 952 2883 sterilibus
971 2824 1100 2882 multum
1118 2823 1226 2882 virium
1272 2806 1285 2825 ⁹

55 2911 234 2987 impertiret.
262 2911 386 2971 Litteris
401 2916 432 2971 et
445 2914 505 2972 arti
519 2915 650 2972 medicae
665 2912 784 2972 deditus
800 2914 831 2971 id
851 2914 947 2972 solum
967 2913 1086 2987 agebat,
1106 2915 1139 2970 ut
1146 2931 1226 2972 neve

56 3018 238 3076 quemquam
257 3001 321 3076 ipse
339 3001 472 3061 laederet
490 3021 575 3079 neve,
594 3022 652 3079 quo
672 3003 709 3062 ab
729 3001 795 3061 aliis
815 3002 993 3079 laederetur,
1012 3020 1116 3060 ansam
1131 3003 1224 3060 daret.

56 3089 183 3148 Publice
202 3091 233 3147 et
252 3091 425 3149 solemniter
443 3091 533 3150 fidem
551 3091 832 3167 Menophysitarum
854 3110 914 3150 non
934 3090 1073 3164 eiuravit,
1097 3091 1128 3149 id
1147 3090 1226 3166 quod

55 3178 126 3237 inde
144 3179 246 3253 potest
264 3180 415 3256 cognosci,
435 3181 513 3256 quod
532 3180 650 3240 Ascolio
669 3180 821 3257 episcopo,
844 3180 895 3257 qui
914 3178 1086 3255 apartibus
1106 3177 1226 3237 Chalce-

56 3266 237 3326 donensium
255 3268 365 3344 stabat,
385 3287 452 3326 enm
467 3288 588 3328 exosum
603 3269 747 3328 videmus.
780 3268 872 3338 Quasi
886 3268 1016 3327 medium
1035 3267 1129 3344 igitur
1147 3271 1226 3326 tene-

40 3358 125 3432 'bat,
145 3374 212 3414 oum
231 3355 420 3416 Antiochiam
440 3357 569 3435 veniret,
589 3357 691 3417 Severi
711 3359 873 3417 sectatores
892 3358 970 3415 inter
989 3359 1020 3415 et
1039 3357 1226 3416 orthodoxos.

56 3445 102 3504 Eo
124 3445 223 3520 aptior
236 3445 416 3520 Ephraemio
436 3446 531 3505 videri
550 3447 661 3526 debuit,
680 3446 732 3524 qui
751 3465 819 3505 cum
834 3446 973 3522 pontifice
988 3446 1122 3505 Romano
1141 3446 1226 3504 resti-

55 3533 189 3592 tuendae
207 3533 287 3592 inter
305 3535 445 3594 ecclesias
465 3536 588 3594 orientis
607 3535 781 3595 concordiae
800 3555 921 3611 operam
939 3538 1073 3594 navaret.

147 3621 234 3691 Quod
252 3623 330 3682 enim
349 3624 475 3699 pecnnia
493 3644 561 3682 eum
580 3627 755 3700 corruptum
773 3643 846 3702 esse,
867 3627 901 3684 ut
917 3625 1041 3684 Romam
1060 3625 1226 3701 proticisce-

54 3713 157 3784 retur‚
176 3706 476 3774 Pseudozhacharias
496 3713 657 3792 significat,
673 3713 705 3771 id
723 3733 759 3772 ex
776 3732 900 3772 numero
919 3734 1021 3773 corum
1041 3715 1227 3774 criminum

54 3818 136 3860 esse
159 3799 319 3874 videtur,
349 3820 437 3877 quae
466 3805 505 3862 ut
531 3802 723 3863 memoriae
750 3804 944 3878 temperati
973 3805 1009 3863 et
1030 3803 1226 3878 placabilis

54 3889 128 3948 viri
146 3887 303 3964 plurima
322 3890 570 3965 offunderent,
590 3892 750 3952 acriores
766 3892 1044 3968 Menophysitae
1063 3893 1223 3951 fanatico

55 3978 139 4037 odio
164 3977 447 4048 adducebantur.
483 3980 525 4040 Ut
548 3981 627 4039 enim
650 3999 709 4040 non
727 3981 765 4039 ab
785 3981 864 4040 omni
883 3983 1000 4040 macula
1018 3981 1113 4040 libera
1135 3981 1227 4039 fuerit

53 4067 123 4127 vita
141 4065 252 4144 Sergii,
276 4069 352 4144 quod
372 4069 483 4129 inimici
501 4070 600 4130 virum
620 4069 727 4129 studiis
752 4074 783 4128 et
806 4070 930 4128 scientia
952 4070 1137 4146 singularem
1156 4089 1224 4129 ava·

53 4175 137 4233 rum,
155 4156 356 4234 luxuriosum,
374 4158 524 4232 impurum
543 4159 636 4218 fnisse
654 4159 791 4236 tradunt,
816 4178 852 4218 ca
869 4159 1023 4218 mendacia
1041 4177 1106 4218 esse
1124 4159 1225 4229 furore

53 4249 85 4305 et
103 4245 173 4306 odio
191 4244 336 4306 instincta
353 4247 419 4323 quis
438 4250 492 4324 est,
512 4248 584 4324 quin
602 4247 723 4306 videat?
761 4247 838 4317 Quid
864 4247 941 4324 quod
963 4250 1000 4307 de
1018 4247 1224 4322 paederastiae

52 4334 176 4411 quidem
194 4333 325 4413 crimine,
344 4337 480 4413 quamvis
494 4336 647 4412 ceteroqui
661 4335 764 4412 Sergio
778 4337 906 4397 infestus
921 4337 969 4412 sit,
988 4336 1079 4396 etiam
1090 4336 1221 4396 Pseudo·

54 4423 217 4485 Zacharias
237 4423 497 4485 vehementissime
514 4426 635 4485 videtur
653 4425 813 4485 dubitare?
