2744 5130
452 249 672 305 Lucubrationee
691 247 904 320 Syro-Graecae.
1196 249 1259 311 441

92 419 230 495 quentius
258 417 290 476 in
315 417 488 477 universum
516 422 562 478 est
590 420 827 495 corruptelarum
849 435 957 495 genus,
985 418 1198 478 vocabulum
1225 418 1261 476 in

95 508 213 567 simile
232 508 449 566 vocabulum
468 507 653 567 transiret.
896 553 900 557 .

182 596 276 655 Vlle
297 596 357 656 lbb.
378 595 444 655 Grr.
464 591 571 669 ψόγον
599 595 619 654 S
638 587 851 677 percorum),

179 684 222 744 IX
239 687 292 744 7s.
312 684 373 744 lbb.
393 683 459 744 Grr.
479 681 665 758 ἐπεμελεῖτο
694 684 714 743 S
733 676 951 766 sacceam),

178 773 360 834 x1101bb.
380 772 446 832 Grr.
466 768 658 833 επονδαίουε
687 773 707 832 S
727 765 936 854 τρόπουε483),
1064 844 1070 853 ¹

182 862 289 923 XXIS
308 863 370 922 lbb.
389 861 455 922 Grr.
474 857 715 937 ἁμαρτάνοντα(
744 863 764 922 S
784 854 996 944 abactam),

180 951 222 1011 LI
238 955 255 1012 1
277 952 339 1011 lbb.
358 950 424 1011 Grr.
443 947 673 1026 παραδείγμαει
701 952 721 1011 S
741 942 968 1031 cocciones)

182 1041 317 1117 Denique
340 1042 474 1117 peccavit
496 1041 637 1101 librarius
662 1041 769 1102 codicis
794 1040 814 1099 S
836 1043 885 1100 ter
912 1039 1155 1100 collocatione
1184 1058 1262 1097 ver·

111 1131 217 1190 borum
235 1130 638 1205 perperamimmutata
655 1131 707 1207 ita,
725 1134 761 1189 ut
779 1129 926 1190 teterrimi
944 1130 1046 1189 hiatus
1066 1129 1262 1188 efficerentur.

115 1219 214 1279 Scilicet
232 1219 353 1295 scripsit

183 1308 224 1366 X
240 1309 259 1366 2
279 1303 379 1367 καλὸν
398 1304 449 1367 καὶ
468 1303 587 1369 οἰκεῖον
606 1328 660 1384 pro
679 1302 799 1368 οἰκεῖον
816 1304 868 1366 καὶ
886 1298 1055 1387 culeum),

182 1396 274 1457 XIlb
295 1392 581 1472 ευμβονλευμάτων
605 1394 655 1457 καὶ
678 1391 885 1470 ἀκονεμάτων
910 1415 964 1512 pro
988 1389 1195 1470 ἀκονεμάτων
1214 1394 1264 1456 καὶ

118 1477 451 1567 rcubouteuudrurv⁴⁸⁷)‚

184 1574 254 1633 XXI
269 1574 523 1738 (ὶῧξζνφρονήεειε
542 1570 592 1634 καὶ
612 1569 823 1651 εὐδοκιμήεειε
841 1593 895 1650 pro
912 1569 1124 1650 ευδοκιμήεειε
1138 1570 1189 1633 καὶ
1204 1589 1262 1633 εω-

119 1661 275 1738 φρονήεειε.

187 1751 245 1812 Sed
258 1770 296 1812 ne
310 1753 661 1829 interpolationibus
677 1754 796 1830 quidem
811 1754 933 1812 carebat
942 1754 1149 1830 apographum
1159 1752 1264 1830 Sergii.

117 1841 141 1900 lu
161 1842 273 1901 duobus
301 1859 371 1901 sane
399 1842 471 1901 locis
497 1842 587 1901 etiam
611 1843 742 1902 dubitari
765 1846 866 1920 potest
891 1842 1095 1902 additamenta
1119 1861 1138 1900 a
1161 1840 1265 1917 Sergio

118 1949 237 2006 expressa
259 1933 363 1989 utrum
386 1949 419 1990 re
442 1950 514 1991 vera
542 1932 693 1990 contextui
720 1932 881 1992 verborum
903 1932 1018 1991 inserta
1041 1932 1201 2008 invenerit,
1229 1949 1267 1990 an

120 2037 191 2095 supra
206 2021 301 2081 verba
317 2021 449 2096 genuina
467 2021 516 2080 vel
529 2021 561 2080 in
575 2022 708 2097 margine
723 2021 792 2080 libri
807 2021 919 2097 scripta
932 2022 997 2098 ipse
1011 2021 1125 2096 primus
1140 2019 1267 2080 orationi

119 2106 226 2169 Graecae
245 2108 445 2169 admiscuerit.
805 2126 810 2134 ·

185 2197 357 2258 XV41bb
383 2197 448 2257 Grr.
473 2194 553 2272 πρὸ(
581 2195 639 2273 τὴν
666 2192 788 2270 ὑγιείαν
825 2197 845 2256 S
873 2194 954 2272 πρὸ(
982 2195 1040 2271 τὴν
1067 2192 1191 2258 εὐεξίαν
1217 2194 1267 2256 καὶ
1314 2192 1318 2198 ’

121 2280 234 2362 ὑγιείαν,
263 2288 342 2363 quod
368 2290 447 2347 recte
474 2287 586 2346 habere
608 2306 668 2346 non
690 2290 804 2364 potest,
832 2288 902 2365 quia
926 2290 1053 2364 utroque
1080 2287 1267 2346 substantivo

122 2381 217 2436 servato
237 2376 414 2436 durissimus
432 2377 532 2436 hiatus
552 2368 750 2458 efficitur489),

186 2463 321 2524 XVIIIS
344 2465 405 2526 lbb.
430 2465 497 2524 Grr.
520 2461 637 2543 ρᾳδίωε
665 2465 684 2523 S
703 2460 821 2544 ραδιωε
844 2460 895 2524 καὶ
919 2460 1060 2538 εὐχερῶε
1084 2456 1267 2546 (εὐμαρῶε),

121 2552 156 2611 ubi
174 2554 302 2613 alterum
324 2553 500 2615 adverbium
524 2554 658 2629 spurium
682 2573 746 2614 esse
772 2555 887 2632 eadem,
912 2572 970 2630 quo
989 2554 1077 2614 modo
1101 2571 1268 2630 naussum,

120 2644 212 2702 ratione
231 2643 462 2702 demonstratur.
494 2643 599 2718 Neque
618 2644 705 2718 enim,
723 2646 796 2703 utut
811 2643 886 2702 illud
901 2643 1102 2720 collocaveris,
1121 2642 1268 2701 teterrimi

120 2727 199 2791 hictus
218 2732 344 2791 durities
364 2731 471 2792 evitari
490 2723 655 2814 potest.⁴⁹⁰)

191 2819 304 2890 Quibus
323 2819 441 2897 opposit
428 2821 452 2879 ti
471 2824 541 2880 sunt
560 2824 689 2896 quatuor
707 2821 772 2895 loci,
794 2822 825 2880 in
843 2820 951 2897 quibus
969 2821 1134 2880 iudicandis
1153 2838 1270 2879 summa

120 2925 169 2967 rum
190 2909 402 3010 probabilitate
372 2909 575 2968 taffirmare
598 2910 668 2970 licet
686 2909 825 2987 Sergium
848 2910 1082 2970 additamenta
1075 2930 1134 2970 iam
1152 2910 1184 2969 in
1203 2928 1268 2969 oon·

119 2998 183 3058 textu
202 2998 248 3057 sui
267 2997 375 3074 codicis
393 2997 569 3074 repperisse.

188 3086 277 3146 XXS
305 3071 366 3147 lbb.
395 3086 460 3148 (trr.
493 3085 656 3189 πληεμονή
685 3085 745 3162 γὰρ
774 3082 928 3147 ἁπάντων
969 3088 988 3146 S
1017 3083 1181 3161 πληεμονὴ
1210 3082 1271 3160 γὰρ

120 3166 253 3236 ἁπάντων
282 3169 409 3281 ἄφρων,
438 3177 490 3236 ubi
515 3178 651 3253 quamvis
678 3177 810 3235 dubitari
835 3176 944 3253 possit,
970 3195 1040 3235 num
1065 3175 1123 3234 ditt
1096 3175 1271 3251 ttographia

120 3265 227 3338 quadam
252 3283 287 3324 ex
312 3259 465 3324 ἁπάντων
487 3269 593 3324 natum
616 3265 798 3339 emmelim,
822 3260 937 3340 ἄφρων
961 3263 1106 3324 versionis
1131 3262 1270 3340 Syriacae

120 3368 158 3425 pro
179 3353 382 3414 additamento
405 3353 577 3430 interpretis
602 3354 729 3414 alicuius
752 3355 800 3414 vel
823 3353 938 3413 librarii
957 3354 1081 3430 habere,
1105 3353 1170 3430 qui,
1196 3371 1271 3429 quae

120 3447 183 3502 esset
199 3441 378 3518 πληεμονή,
398 3462 505 3519 parum
524 3444 715 3520 perspexerit
735 3442 907 3519 ecquidem
927 3443 1000 3501 satis
1019 3442 1130 3519 inepto.
1167 3442 1271 3519 Neque

120 3531 180 3590 crim
206 3530 372 3607 πληεμονή
400 3532 584 3592 abundantia
612 3532 758 3608 quaedam
784 3535 842 3607 est,
870 3550 945 3608 quae
968 3533 1065 3607 possit
1089 3531 1196 3592 stolida
1220 3535 1273 3591 aut

119 3620 226 3680 molesta
236 3620 303 3696 dici,
319 3621 370 3680 sed
381 3622 504 3681 satietas
514 3621 573 3680 fast
560 3620 735 3697 t,idiumque
746 3621 824 3698 quod
835 3621 1019 3680 abundantia
1028 3623 1211 3696 procreatur.
1212 3612 1267 3698 491)

190 3709 289 3768 XXIV
307 3713 323 3768 1
343 3710 405 3769 lbb
424 3710 490 3768 Grr.
514 3706 635 3785 μηδένα
654 3706 751 3784 φίλον
770 3709 865 3769 ποιοῦ
902 3709 921 3767 S
940 3707 1062 3784 μηδένα
1080 3708 1203 3783 ταχέως
1223 3705 1272 3784 φί-

120 3790 163 3857 lov
180 3798 289 3874 ποιοῦ,
309 3798 361 3858 ubi
379 3796 502 3872 roxem(
521 3799 697 3859 adverbium
716 3817 801 3858 nemo
820 3818 879 3858 non
897 3798 1026 3858 videtin
995 3803 1141 3874 mterpret
1128 3800 1272 3857 tationem

121 3901 169 3945 asc
186 3844 359 3964 languidam
378 3888 538 3948 verborum
557 3894 683 3965 sequent
683 3888 744 3946 ium
764 3883 838 3961 πρὶν
858 3882 897 3946 ἂν
916 3882 1063 3966 ἐξετάεῃε
1077 3902 1146 3945 πω(
1161 3879 1271 3962 κέχρη-

120 3986 157 4035 ται
169 3977 236 4037 τοῖς
251 3992 411 4096 πφθεέτερον
426 3972 541 4050 (piton.
574 3976 687 4047 Quibus
703 3977 813 4036 additis
828 3977 1009 4053 superfluum
1026 3979 1092 4034 erat
1106 3979 1158 4034 aut
1171 3975 1272 4051 potius

119 4064 268 4125 noluetum.
314 4061 326 4142 )

190 4153 354 4214 XXVIlIb
374 4153 436 4214 lbb.
456 4154 521 4214 Grr.
546 4149 716 4229 χρημάτων
748 4153 768 4211 S
788 4147 958 4228 χρημάτων
981 4147 1112 4223 ἀδίκων,
1135 4153 1187 4212 ubi
1206 4146 1272 4212 ἀδί-

76 4256 79 4265 ·
121 4252 171 4301 κων
195 4242 233 4303 ad
260 4243 434 4303 universum
463 4263 570 4302 nexum
598 4242 813 4302 sententiarum
842 4243 964 4302 minime
987 4243 1123 4317 quadrat.
1168 4243 1273 4316 Neque

123 4329 183 4390 edm
199 4332 229 4392 id
248 4332 369 4394 volebat
388 4332 515 4408 scriptor
534 4333 674 4392 orationis
694 4331 860 4410 significare
875 4332 1002 4391 iniustas
1017 4330 1136 4409 quidem
1151 4331 1271 4391 divitias

76 4420 87 4473 ’.-
122 4431 167 4478 uon
180 4421 236 4481 nisi
253 4421 340 4499 vivis,
358 4422 455 4482 iustas
473 4440 543 4482 vero
563 4421 653 4481 etiam
672 4422 797 4480 mortuis
816 4421 884 4480 usui
903 4411 1039 4501 essem)
