2744 5130
405 241 626 297 Lucubrationes
643 243 858 311 Syrastrene.
1150 244 1216 308 459

129 408 231 467 XXIV
244 411 320 486 428,
335 412 374 470 31
396 408 449 468 καὶ
466 413 546 470 inter
564 408 717 471 πολλάκις
735 424 766 470 et
784 409 821 471 ἐν
839 413 907 472 τοῖς
925 406 1090 487 φιλτάτοις
1110 407 1216 486 μίςους

88 493 302 572 ,ραπίπτουςιν
321 494 416 557 αἰτίαι
433 502 601 560 sententiae
618 503 807 576 aptissimum
813 493 876 580 ⁶⁸¹).

133 587 234 645 XXIV
249 590 325 662 428,
339 590 382 646 34
405 585 678 663 καταςκεψὰμενοι
696 587 773 648 οὐδὲ
792 591 889 649 τοῦτο
908 585 957 648 ὅτι
975 592 1044 666 post
1061 586 1112 648 καὶ
1130 583 1217 649 ὅλως

88 697 105 752 ι,
125 681 161 734 ut
183 675 284 735 omnia
306 677 374 734 inde
397 697 416 735 a
439 679 540 737 verbis
557 674 631 738 τότε
649 675 712 752 γὰρ
730 675 806 738 οὐδὲ
825 677 941 753 φωνὴν
959 679 1109 755 usquead
1127 679 1217 737 finem

88 765 153 842 pitis
172 783 263 823 unam
282 766 461 824 sententiam
480 760 704 845 efficerentffi),

133 854 217 974 X6X3X
230 855 306 928 430,
321 857 340 914 3
360 851 459 928 θύρας
477 853 529 914 καὶ
547 857 700 930 intercipe
719 854 777 928 μὲν
796 852 895 916 οἰκία(
910 861 942 916 et
954 854 1118 931 θυρωροὺς
1132 858 1217 931 ιςαθι-

89 937 153 1003 άναι
199 939 222 1019 ),

134 1031 250 1090 XXXII
264 1033 338 1105 430,
355 1034 395 1092 18
415 1026 650 1107 ἀνατελλούςης
668 1038 738 1109 post
754 1029 820 1093 ὑπὸ
837 1035 894 1108 τῆς
912 1028 1070 1108 ἀληθείας,
1088 1033 1168 1110 qnod
1182 1037 1218 1093 ut

88 1139 107 1178 ιι
122 1120 393 1195 splendidissimam
410 1123 571 1200 imaginem
585 1125 706 1198 egregie
720 1123 899 1181 sententiam
913 1124 1043 1199 supplet,
1061 1143 1128 1183 cnm
1141 1122 1217 1183 νοή-

88 1215 313 1378 οοοιέρῖιοιαῐ
340 1211 396 1270 soli
423 1211 545 1286 orienti,
571 1211 616 1270 ita
642 1212 784 1287 perfacile
809 1212 839 1270 iu
863 1212 943 1271 calce
965 1213 1062 1272 libelli
1084 1212 1219 1272 excidere

88 1299 155 1357 stult.

139 1386 285 1456 Quoniam
303 1387 340 1446 de
359 1387 531 1464 maioribus,
550 1408 627 1464 qnae
645 1390 676 1447 in
694 1389 846 1448 codicibus
864 1389 992 1448 servatis
1007 1389 1125 1447 obviam
1140 1392 1219 1464 sunt,

88 1475 164 1534 cunis
181 1479 339 1536 contextus
358 1477 430 1552 dixi,
447 1496 499 1536 eos
519 1479 622 1536 statim
640 1479 721 1537 locos
737 1478 926 1554 subiungam,
945 1478 998 1536 ubi
1012 1477 1219 1552 scripturae

88 1564 207 1623 rdicum
230 1584 246 1622 e
270 1566 466 1640 scripturis
489 1567 658 1626 versione
677 1567 828 1644 Syriaca
846 1567 1028 1641 expressis
1047 1566 1219 1626 ridentur

88 1654 175 1712 aucis
193 1653 337 1712 litteris
355 1655 500 1714 omissis
519 1661 713 1731 corrupt-ae
732 1675 819 1715 esse.
856 1654 993 1732 Quinque
1007 1674 1130 1715 numero
1144 1657 1217 1714 sunt

135 1741 406 1817 ΙΠ422,34161).
425 1743 493 1803 Grr.
512 1738 576 1818 ἔφη
604 1745 625 1803 8
643 1740 790 1819 ἀπέφηνε
797 1737 861 1825 ⁶⁸⁵),

137 1830 342 1904 Vm424,25
353 1831 488 1892 lbb.Grr.
499 1829 755 1907 παραιρούμενος
773 1829 1133 1907 θπροπαραιρούμενος,
1144 1851 1220 1908 quae

88 1919 199 1995 criptura
218 1939 253 1979 eo
272 1921 368 1999 magis
386 1921 540 1997 probanda
559 1926 619 1998 est,
640 1923 719 1998 quod
738 1922 888 1982 Lucianus
907 1922 1000 1981 verba
1018 1922 1221 1998 decomposita

94 2008 304 2085 praepositione
322 2025 386 2083 προ
403 2011 577 2086 iucipientia
595 2011 757 2070 admodum
770 2012 802 2070 in
816 2011 930 2070 deliciis
945 2012 1086 2070 habuisse
1100 2012 1220 2070 videtur

88 2097 139 2156 anf.
157 2098 286 2157 indicem
305 2099 443 2159 editionis
461 2099 679 2159 lacobitzianae
697 2101 819 2159 maioris
837 2101 897 2159 vol.
911 2099 956 2158 IV
973 2121 1001 2175 p.
1018 2102 1081 2162 958
1092 2119 1115 2159 a.
1126 2091 1219 2179 s.⁶⁸⁶),

138 2186 213 2245 XIII
227 2188 301 2262 426,
317 2189 335 2247 5
356 2186 417 2246 lbb.
437 2186 504 2247 θαι.
522 2184 683 2263 τύραννον
711 2180 1008 2269 θτυραννικόνὸθῚ),

137 2275 208 2334 XVI
222 2277 297 2352 426,
313 2277 352 2336 31
373 2276 434 2336 lbb.
454 2276 520 2336 Grr.
539 2273 586 2337 ὢν
614 2278 634 2337 S
653 2271 734 2337 εἶναι
753 2269 927 2357 δοκῶνὸὓθ)

140 2363 275 2433 Quatnor
306 2365 375 2424 dein
407 2366 479 2425 locis
511 2366 548 2424 in
579 2367 756 2445 omnibus,
788 2367 849 2443 qui
881 2367 996 2424 adhuc
1024 2364 1222 2424 examinati

88 2456 149 2527 uni,
177 2453 364 2514 codicibus
394 2453 542 2514 Graecis
569 2475 681 2531 prava
705 2455 903 2515 iteraIIone
927 2455 1072 2514 videtur
1094 2472 1221 2530 pecca-

88 2560 127 2600 un
144 2561 230 2603 esse.

139 2631 198 2690 XII
208 2633 282 2707 425,
293 2633 332 2691 31
349 2633 409 2693 lbb.
425 2631 492 2692 Grr.
507 2627 741 2708 ἀνταγωνιςτής
769 2633 789 2691 S
803 2627 986 2707 ἀγωνιςτής,
1006 2632 1058 2690 ubi
1072 2632 1223 2708 scriptura

88 2718 184 2779 ldicum
211 2722 285 2780 nata
307 2724 366 2797 est,
393 2722 453 2780 nisi
474 2722 577 2798 fallor,
602 2723 811 2782 aberrantibus
834 2720 950 2781 librarii
975 2721 1068 2780 oculis
1091 2722 1129 2780 ad
1147 2717 1223 2780 τοὺς

88 2805 295 2885 νταγιυνιςτάς,
314 2812 393 2885 quod
412 2815 501 2870 antec
518 2831 573 2887 pro
592 2807 767 2884 ἀγωνιςτὰς
786 2811 931 2886 scriptum
949 2810 1041 2869 fuisse
1056 2830 1072 2869 e
1086 2810 1222 2870 versione

88 2898 174 2972 prisca
192 2903 344 2974 comparet
365 2892 454 2977 (conf.
473 2920 501 2976 p.
516 2892 665 2981 462)⁶⁸⁹),

141 2986 214 3046 XIII
228 2989 303 3065 426,
318 2990 338 3045 4
354 3006 376 3049 s.
395 2989 456 3048 lbb.
472 2987 538 3049 θαι.
552 2986 742 3062 τυραννικὸν
771 2987 791 3046 S
810 2985 994 3063 ςτριιτηγὸν,
1014 2987 1065 3048 ubi
1079 3004 1223 3062 τυραννι-

88 3069 122 3150 iv,
135 3078 211 3152 quod
226 3080 317 3136 antea
331 3081 397 3136 erat
409 3097 463 3153 pro
477 3075 637 3152 τύραννον
651 3079 682 3136 in
696 3078 846 3137 codicibus
861 3079 939 3136 male
954 3079 1097 3136 iteratum
1107 3069 1222 3158 est⁶⁹⁰),

141 3165 229 3224 XVII
248 3168 356 3242 427,3
384 3167 444 3225 lbb.
473 3166 539 3227 Gne
568 3164 792 3242 προςεξέκαιον
820 3160 913 3226 εὐθύς
950 3165 970 3224 S
998 3163 1223 3239 nosceremus

88 3254 163 3314 nisse
182 3250 285 3328 εὐθύς,
304 3256 384 3331 quod
402 3255 433 3314 in
452 3257 601 3315 codicibus
620 3275 776 3333 perperam
795 3274 831 3313 ex
844 3254 943 3315 verbis
959 3249 1052 3314 εὐθὺς
1067 3249 1126 3314 οὖν
1141 3249 1223 3314 νεώς

88 3337 276 3403 ςάνίςταςαν
294 3335 369 3425 (lbb.
389 3343 455 3404 θη,
475 3340 648 3420 ἀνέςτηςαν
667 3346 742 3405 conf.
762 3334 923 3425 infra)⁶⁹¹),

144 3431 230 3491 XVII
246 3435 319 3505 429,
336 3435 376 3491 17
400 3434 460 3494 lbb.
480 3434 545 3493 θνα.
571 3431 600 3492 τί
623 3431 685 3507 γὰρ
709 3429 748 3493 ἄν
767 3449 813 3493 τις
832 3431 851 3507 ἢ
870 3429 928 3491 τὸν
947 3426 1117 3506 (ωκράτην
1136 3429 1225 3503 λέγοι

88 3515 126 3577 ιτί
145 3518 206 3595 γὰρ
230 3514 271 3580 ἄν
293 3537 339 3580 τις
362 3519 420 3581 τὸν
439 3518 609 3596 (Σωκράτην
633 3521 721 3594 λέγοι
741 3516 830 3604 (conf.
850 3542 878 3597 p.
893 3523 957 3581 463
974 3516 1025 3602 a),
1048 3521 1101 3579 ubi
1119 3518 1138 3594 ἢ
1158 3539 1225 3596 per-

88 3625 157 3668 eram
179 3610 391 3685 interpositum
415 3616 461 3671 est
483 3612 692 3671 aberrantibus
716 3612 831 3671 librarii
850 3611 943 3670 oculis
962 3611 1000 3669 ad
1018 3610 1110 3669 verba
1128 3607 1147 3683 ἢ
1167 3605 1224 3669 τὸν

88 3690 301 3777 siraconum)

145 3787 312 3863 Supersunt
330 3789 488 3848 leviores
508 3790 636 3848 calami
655 3809 797 3849 errores
816 3788 946 3864 quinque

144 3876 260 3953 Χ424,
275 3878 316 3936 36
333 3896 355 3936 s.
374 3877 434 3936 lbb.
455 3877 521 3937 θη.
541 3874 727 3951 παμπόλλαι
747 3875 781 3937 δὲ
801 3876 977 3937 κολακειῶν
995 3871 1045 3934 καὶ
1064 3874 1225 3950 διαβολῶν

88 3962 219 4026 νιοθέςεις
252 3964 272 4024 S
291 3962 477 4038 παμπόλλαι
504 3963 540 4026 δὲ
564 3966 725 4028 κολακεῑαι
744 3963 795 4027 καὶ
814 3964 974 4042 διαβολῶν
992 3956 1224 4043 ὑποθέςειςθθθ),

146 4054 218 4114 XIII
232 4055 306 4128 425,
322 4057 363 4115 37
380 4074 402 4114 s.
422 4057 482 4115 lbb.
502 4054 566 4114 θη.
586 4052 632 4114 τό·
642 4072 677 4115 τε
706 4055 726 4115 S
744 4053 782 4115 rb
802 4047 906 4136 belm),

146 4142 232 4202 XVII
246 4146 320 4216 426,
332 4145 372 4206 36
392 4145 452 4205 lbb.
468 4142 535 4204 θαι.
550 4139 722 4219 ἀνέςτηςαν
751 4145 771 4203 S
790 4139 966 4219 ἀνίςταςαν,
985 4161 1060 4219 quae
1076 4142 1225 4217 scriptura

88 4232 250 4302 sequentibus
269 4233 452 4308 imperfectis
472 4233 641 4293 confirmari
659 4226 847 4315 videtur695),

149 4320 245 4380 XXIV
260 4324 333 4396 429,
350 4324 368 4381 3
389 4317 723 4396 166.θι·ι.ἀπε’ςχοντο
751 4322 771 4381 8
790 4317 994 4400 ἀποςχοῑντο,
1014 4322 1092 4397 quod
1107 4323 1223 4380 senten·

88 4400 125 4463 540
139 4413 292 4487 peraptum
311 4402 424 4492 est⁶⁹⁶),
804 4459 806 4465 .
