2744 5130
434 241 655 299 Lucubrationes
675 243 891 313 Syro-Graecae.
986 312 989 317 θ
1056 192 1070 219 ⁰
1184 244 1249 308 395

94 411 142 470 iub
160 411 249 470 finem
268 412 370 469 autern
388 410 459 468 libri
478 411 524 468 sui
538 410 613 470 VIII
629 411 723 491 [loeta
735 413 799 488 ipse
815 415 862 471 sat
876 413 962 472 claris
977 412 1076 472 verbis
1091 413 1248 490 significat,
1301 450 1303 455 -
1320 457 1327 470 .

94 519 154 576 quae
180 501 212 559 in
239 500 374 574 exemplo
398 498 520 575 Syriaco
549 501 585 559 de
613 520 686 560 cura
712 502 861 560 mulorum
889 505 920 561 et
943 521 1122 579 onagrorum
1144 506 1249 562 notata
1304 492 1305 495 ¹

95 592 179 667 crant,
204 608 240 649 ea
266 588 402 648 consulto
425 607 444 647 a
469 607 500 647 se
523 589 689 664 praeteriri.
730 589 867 667 Denique
891 591 1079 668 singulorum
1102 591 1248 650 librorum

97 679 220 738 circuitus
239 679 271 736 in
289 676 427 749 versione
442 677 571 736 Arabica
589 677 710 737 minime
731 681 856 740 constat.
889 679 975 738 Libri
990 679 1033 737 IV
1047 678 1118 739 etV
1134 683 1248 740 ceteros

99 768 187 826 uirum
211 767 242 826 in
263 766 385 825 modum
404 765 610 843 magnitudine
629 771 781 843 superant.
818 771 918 845 Atque
938 768 966 825 V
985 769 1113 844 quidem,
1132 768 1184 844 qui
1204 771 1249 828 cst

101 858 128 915 dc
143 858 253 916 culture
272 856 426 930 arborum,
448 856 663 931 amplificatum
682 875 748 916 esse
767 857 805 915 ab
825 857 930 916 Arabe
944 858 1031 917 facile
1051 858 1248 934 cognoscitur,

103 965 152 1004 cun
168 946 196 1004 in
213 944 268 1005 hoc
282 944 360 1003 libro
375 944 503 1003 maxime
518 942 687 1022 orlenteles,
706 947 742 1005 de
756 947 865 1022 quibus
879 947 967 1007 modo
981 947 1093 1024 monui,
1111 950 1248 1006 auctores

104 1035 219 1094 nicatur
241 1033 421 1092 adhibuisse.
463 1033 499 1090 In
521 1034 630 1092 librum
650 1033 694 1092 IV
717 1054 802 1112 vero,
826 1055 893 1095 cum
916 1035 953 1094 ab
977 1036 1119 1095 Anatolio
1142 1035 1249 1095 vitium

106 1116 602 1198 culturam’singuleri'luculentia
632 1125 796 1198 expositam
826 1143 890 1184 esse
918 1128 980 1184 tam
1009 1145 1045 1183 ex
1072 1123 1249 1200 Geoponicis

106 1211 203 1271 Graecis
226 1230 319 1287 quem
342 1229 378 1270 ex
401 1212 532 1286 epitome
551 1210 674 1287 Syriaca
698 1215 835 1290 cognosci
853 1215 962 1290 possit,
985 1233 1072 1273 nemo
1090 1233 1149 1272 non
1166 1213 1250 1274 videt

107 1303 248 1378 conplures
272 1300 363 1358 lib'ros
388 1299 485 1375 Sergii
509 1303 659 1360 coartatos
683 1320 756 1361 esse.
794 1301 887 1372 Quam
911 1303 1036 1362 licenter
1056 1303 1152 1382 Kosta
1175 1321 1249 1378 opus

108 1389 260 1466 tergienum
280 1389 480 1464 constitnerit,
499 1408 588 1465 porro
607 1389 678 1448 libri
697 1391 761 1450 eius
776 1390 819 1450 XI
838 1394 868 1451 et
886 1391 945 1450 ΧΠ
963 1391 1177 1464 demonstrant,
1198 1392 1249 1450 ubi

108 1479 248 1554 conposuit
266 1482 427 1554 praecepte
445 1478 605 1537 maximam
624 1482 741 1554 partem
760 1481 887 1556 medica,
911 1500 1001 1557 quae,
1021 1480 1073 1538 nbi
1091 1480 1248 1554 proferret,

108 1586 145 1641 pro
168 1568 317 1642 universa,
345 1585 434 1644 quam
460 1570 559 1626 mente
583 1567 640 1627 sibi
664 1567 835 1647 effinxerat,
863 1568 1056 1645 dispositione
1080 1569 1250 1644 argumenti

107 1674 149 1714 ncn
163 1657 294 1716 haberet.
327 1654 438 1715 Contra
457 1656 584 1714 diarium
599 1658 752 1733 rusticum,
772 1658 850 1733 quod
865 1661 895 1718 et
908 1657 1067 1717 Anatolius
1082 1660 1113 1716 et
1127 1656 1249 1735 Sergius

100 1747 203 1822 ‚proprio
222 1745 300 1805 libro
319 1746 489 1820 complexus
508 1748 587 1821 eret,
612 1746 713 1805 omisit
731 1748 779 1807 vel
797 1748 912 1823 potius,
931 1765 1008 1823 quae
1026 1747 1069 1806 ibi
1087 1746 1250 1822 composite

106 1837 173 1894 crant
197 1836 367 1910 praccepta,
395 1853 449 1909 per
476 1836 590 1894 ceteros
619 1835 711 1894 libros
740 1828 963 1917 distribuitlli)
987 1835 1099 1893 -Ex
1126 1836 1250 1896 adverso
1286 1866 1292 1877 ·

105 1924 189 1983 nerito
216 1942 234 1982 a
258 1921 405 1982 Gemollio
432 1924 463 1980 et
486 1921 583 1982 Odero
606 1922 637 1981 in
661 1923 784 1983 dubium
807 1928 945 1985 vocatum
969 1944 1046 2000 esse,
1074 1925 1252 2001 librorum

103 2030 173 2087 quae
194 2015 249 2071 est
270 2012 307 2070 in
331 2013 451 2071 codice
470 2011 691 2072 Londinensi
715 2014 909 2089 dispositio
938 2033 1010 2072 num
1031 2015 1154 2090 antiqua
1172 2018 1251 2073 esset

104 2105 125 2158 et
145 2100 282 2177 genuina,
308 2102 367 2159 icon
392 2119 513 2175 possum
536 2102 704 2163 concedere.
746 2103 789 2162 Ut
812 2104 962 2179 omittam,
989 2122 1064 2179 quae
1088 2103 1251 2162 Gemollius

104 2191 221 2265 protulit,
250 2192 428 2266 argumente
449 2191 534 2248 nulla
558 2181 696 2271 essem),
724 2192 777 2251 ille
801 2192 945 2251 librorum
969 2191 1123 2266 dispositio
1147 2192 1184 2249 ab
1209 2210 1251 2269 eo,

104 2280 142 2353 qui
164 2280 322 2356 epitomam
348 2278 567 2338 Londinensem
594 2279 739 2358 condidit,
767 2281 885 2340 omnino
910 2300 969 2340 non
994 2283 1094 2356 potest
1119 2281 1252 2355 profecta

104 2385 161 2429 cese.
196 2367 309 2438 Quodsi
332 2368 383 2427 ille
402 2386 509 2427 novem
528 2368 747 2446 constituisset,
767 2370 892 2446 singulis
911 2369 996 2428 libris
1016 2389 1064 2444 ea,
1089 2388 1165 2446 quae
1185 2388 1252 2428 cum

102 2457 223 2532 cuiusque
248 2457 402 2535 universo,
425 2458 502 2533 quod
526 2460 625 2516 mente
650 2460 811 2536 statuerat,
833 2462 1010 2537 argumento
1030 2458 1252 2534 conveniebant,

102 2546 183 2621 capita
203 2546 369 2606 tribuisset.
405 2544 501 2622 Atqui
524 2550 629 2605 contra
652 2547 781 2606 vidimus
799 2567 935 2624 pugnare
953 2567 1012 2607 non
1030 2565 1098 2605 raro
1118 2546 1257 2604 ordinem-

102 2636 226 2719 capitum,
249 2634 302 2711 qui
320 2628 367 2694 est
384 2636 414 2692 in
434 2636 563 2710 epitoma
582 2635 777 2713 Londinensi,
801 2655 868 2696 cum
887 2636 1081 2711 dispositione
1100 2635 1252 2694 librorum.

103 2720 222 2799 Gepitum
245 2742 317 2784 vero
340 2723 411 2784 ordo
431 2724 572 2800 antiquus
591 2742 655 2784 esse
674 2744 733 2784 non
752 2728 864 2801 potest,
892 2726 971 2800 quod
989 2744 1048 2783 non
1068 2725 1164 2785 solum
1184 2730 1255 2783 cum'

102 2811 278 2888 dispositione
305 2813 357 2872 sed
385 2812 473 2872 etiam
501 2831 568 2871 cum
594 2815 709 2873 ratione
734 2814 799 2889 ipsa
822 2817 853 2873 et
877 2817 985 2874 natura
1008 2814 1051 2874 rei
1075 2813 1249 2890 saepissime

103 2905 207 2977 pugnat.
238 2902 343 2978 Neque
361 2901 455 2978 igitur
470 2901 535 2960 fieri
548 2905 656 2979 potest,
676 2903 748 2978 quin
762 2903 894 2963 ordinem
910 2904 1043 2979 capitum
1056 2904 1252 2981 neglegenter

103 2992 126 3047 ct
136 2993 260 3075 exparte
273 3010 431 3067 perperam
442 2990 638 3049 constitutum
654 2993 689 3063 el,
705 2993 756 3068 qui
766 2992 941 3069 Sergianum
957 3011 1031 3070 opus
1046 2994 1077 3050 iu
1092 2996 1253 3070 angustum

102 3081 187 3158 urgit,
205 3081 350 3140 librorum
364 3080 591 3156 dispositionem
605 3081 663 3155 ipsi
679 3081 783 3156 Sergio
798 3081 991 3141 vindicemus.
1025 3081 1163 3143 Efficitur
1178 3081 1254 3139 uni-

103 3183 224 3228 versum
242 3169 439 3248 Sergianqc
462 3169 644 3229 versionis
669 3170 903 3229 simulacrum
928 3170 1041 3228 multo
1063 3170 1200 3229 clarius
1220 3173 1256 3228 et

104 3258 289 3317 accuratius
315 3277 355 3316 cx
377 3257 535 3334 epitoma
554 3257 774 3319 Londinensi
793 3278 895 3335 quem
914 3277 954 3318 ex
972 3258 1127 3316 Arabico
1147 3276 1254 3331 opere

94 3341 218 3426 ‚tostae
236 3347 385 3423 percipi.
485 3371 488 3378 ·
742 3399 746 3406 .

177 3437 264 3496 Nunc
283 3455 353 3497 vcro
371 3455 448 3496 nova
465 3436 628 3495 difficultas
648 3437 719 3496 oriri
738 3437 856 3496 videtur
874 3436 952 3513 inde,
974 3436 1065 3513 quod
1084 3438 1255 3512 quatuor-

105 3519 196 3583 decim
228 3526 317 3585 libri
350 3529 433 3586 sunt
465 3522 645 3601 epitomae
672 3525 925 3604 Londinensis,
958 3525 1104 3600 eclogas
1138 3528 1257 3584 autem

105 3609 251 3674 Anatolii
273 3616 309 3672 in
333 3615 518 3675 duodecim
537 3614 653 3674 libros
673 3615 893 3690 dispertItas
912 3615 1025 3674 fuisse
1045 3615 1256 3674 testimonio

105 3696 206 3763 Photii
230 3703 365 3763 scitum
389 3706 452 3763 est.
490 3701 572 3772 Quae
590 3704 657 3763 tolli
676 3723 735 3762 non
753 3707 854 3779 potest
870 3705 937 3763 nisa
955 3704 1011 3779 ita,
1035 3707 1069 3762 ut
1089 3706 1256 3763 statuemus

104 3770 143 3848 cul
163 3793 294 3869 integros
322 3792 416 3850 libros
438 3791 511 3850 XIII
541 3796 571 3850 et
593 3791 664 3851 XIV
688 3792 751 3853 sive
775 3791 812 3850 ab
836 3793 901 3867 ipsc
925 3792 1030 3868 Sergio
1059 3793 1122 3852 sive
1152 3794 1188 3851 ab
1214 3811 1257 3865 eo,
1362 3853 1367 3860 ,

104 3879 142 3952 qui
161 3883 320 3958 epitomem
343 3881 559 3940 Londinensem
584 3881 729 3958 condidit,
760 3881 877 3941 additos
898 3901 963 3941 esse
987 3886 1041 3941 aut
1063 3882 1258 3941 constitutam

104 3966 224 4046 aeergio
243 3971 332 4046 plane
351 3989 458 4031 novam
482 3989 583 4029 rerum
607 3971 831 4045 dispositionem
856 3973 886 4030 et
905 3973 942 4030 ab
962 3970 1065 4030 ordine
1084 3971 1256 4047 eclogarum

104 4052 217 4118 Anatolii
245 4059 403 4154 digersem.
449 4059 544 4137 Atqui
571 4078 608 4118 ne
632 4060 766 4136 integros
791 4060 883 4118 libros
908 4060 981 4118 XIII
1005 4064 1035 4119 et
1058 4059 1128 4118 XIV
1153 4059 1257 4136 Sergio

107 4141 308 4225 abiudicemus,
326 4150 474 4208 scribendi
493 4149 675 4226 docendique
694 4148 771 4207 ratio
790 4149 905 4224 obstat,
923 4168 1000 4225 quae
1019 4149 1121 4207 eedem
1141 4151 1187 4206 est
1205 4168 1259 4224 per

107 4249 190 4296 omnes
209 4238 434 4313 quatuordecim
454 4238 556 4300 libros.
595 4237 733 4314 Accedit,
756 4240 791 4297 ut
810 4257 847 4296 ne
866 4238 911 4296 illi
930 4237 1049 4315 quidem
1069 4236 1140 4295 libri
1158 4238 1258 4314 negle-

108 4324 197 4394 gentiis
216 4327 357 4402 vitiisque
376 4322 519 4403 careant,
535 4346 623 4403 quac,
645 4326 714 4384 dum
735 4325 832 4403 Sergii
851 4345 925 4403 opus
943 4326 972 4385 in
994 4328 1153 4404 angustum
1173 4328 1257 4401 coge-

111 4413 184 4492 retur,
202 4416 390 4492 subrepsisse
408 4417 547 4476 vidimus.
586 4415 694 4476 Cerere
713 4418 813 4475 autem
831 4434 952 4476 necesse
972 4419 1045 4493 erat,
1064 4415 1090 4475 si
1110 4416 1147 4474 ab
1167 4415 1258 4492 epito-
