2736 5130
469 255 686 312 Lucubratienes
705 259 919 329 Syro-Graecae.
1213 263 1278 327 437

93 460 96 467 -
129 423 152 482 in
168 424 314 502 Syriacum
334 443 493 486 conversos
513 425 629 484 collatis
649 428 869 502 exemplaribus
884 428 1005 488 Graecis
1024 431 1228 490 emendavisse
1248 437 1278 493 et

113 512 117 521 '
130 514 257 574 distinctis
273 515 413 574 discolori
427 517 602 587 atramento,
623 534 697 591 quae
713 517 750 574 ad
764 517 890 576 verbum
904 537 920 576 e
934 518 1037 594 lingua
1051 518 1165 579 Graeca
1178 523 1275 580 trans-

128 603 177 661 lata
192 604 297 680 essent,
319 622 454 680 quaeque
473 604 511 662 ab
530 603 693 679 interprete
709 604 784 682 Syro
802 605 913 679 addita,
933 608 1106 683 adiectaque
1120 608 1199 666 inter
1218 610 1275 668 sin-

127 691 195 767 gulas
212 690 305 752 lineas
326 692 516 752 adnotatione
536 692 638 751 critica
657 694 752 752 denuo
772 686 968 777 edidissem)
1002 695 1079 755 lllud
1095 714 1174 773 sane,
1194 700 1272 773 quod

127 781 259 856 Honairrus
279 785 310 841 et
328 781 455 840 Iacobus
477 781 510 839 in
527 782 724 840 retractandis
743 786 879 842 veterum
898 784 1083 844 versionibus
1103 787 1273 860 effecerunt,

126 887 155 927 ne
169 870 320 929 voluerunt
338 870 457 945 quidem
477 869 593 928 efficere
612 871 749 929 monaehi
768 872 821 944 illi,
843 873 894 947 qui
913 891 972 951 sex,
991 875 1027 932 de
1046 873 1154 950 quibus
1175 874 1274 950 dispu-

125 960 214 1030 tamus,
227 960 378 1020 versiones
393 961 641 1030 retractaverunt,
655 978 750 1034 neque
766 960 791 1019 si
804 961 970 1020 voluissent
984 962 1109 1035 efficere,
1125 967 1274 1040 peterent,

126 1065 177 1104 cum
200 1050 334 1124 exempla
358 1047 473 1107 Graeca
499 1047 659 1106 manifesto
687 1049 771 1107 nulla
799 1050 976 1109 conferrent.
1024 1051 1065 1110 Ut
1092 1053 1274 1112 retractandi

127 1135 236 1196 laborem
262 1137 459 1215 susciperent,
485 1136 675 1212 potissimum
702 1138 733 1195 in
756 1156 847 1197 causa
869 1140 988 1198 videtur
1011 1139 1104 1199 fuisse
1129 1143 1273 1200 memoria

126 1225 272 1286 versionum
286 1230 405 1284 mature
419 1229 568 1301 corrupta.
596 1226 655 1284 Res
669 1226 765 1285 elucet
780 1247 816 1286 ex
830 1246 873 1301 eo,
893 1229 970 1305 quod
986 1232 1017 1287 et
1030 1229 1184 1304 plurimae,
1199 1249 1273 1306 quas

125 1331 146 1386 p.
161 1315 215 1373 412
230 1335 253 1375 s.
284 1314 468 1387 enumeravi,
500 1314 747 1390 interpolationes
779 1317 809 1374 in
841 1310 1022 1393 corrigendis
1054 1319 1272 1393 explicandisve

125 1401 182 1462 loeis
198 1403 344 1481 corruptis
364 1406 521 1462 versantur
543 1404 623 1462 etin
642 1405 777 1463 versione
796 1404 892 1464 libelli
913 1406 949 1464 de
967 1405 1132 1465 cohibenda
1149 1408 1195 1464 ira
1213 1427 1272 1466 nen

124 1491 203 1551 nullae
225 1492 392 1553 sententiae
417 1490 548 1550 suntab
572 1492 707 1566 exemplo
731 1491 843 1552 Graece
866 1513 989 1569 prorsus
1013 1494 1142 1568 alienae,
1164 1496 1271 1571 quibus

124 1577 287 1656 interpositis
306 1581 381 1640 illud
399 1582 580 1640 retractator
593 1581 714 1641 videtur
731 1582 837 1659 egisse,
856 1585 890 1641 ut
904 1583 1079 1642 lacunosum
1093 1585 1270 1660 exemplaris

125 1667 167 1726 siti
182 1671 324 1746 propositi
343 1670 514 1729 contextum
538 1669 622 1744 quasi
641 1663 869 1751 resarciret.4⁶⁰)
906 1671 963 1730 Sed
984 1690 1043 1730 non
1062 1673 1134 1731 satis
1158 1673 1269 1732 habue-

123 1761 176 1817 mnt
191 1760 369 1820 recentiores
388 1757 525 1818 monachi
539 1759 725 1818 versionibus
741 1758 892 1838 Sergianis
911 1779 965 1835 pro
979 1761 1060 1820 virili
1074 1764 1159 1836 parte
1173 1781 1270 1821 emen-

122 1844 189 1907 datis.
231 1848 292 1907 Ubi
314 1846 512 1907 retractandis
536 1848 756 1924 exemplaribus
780 1848 910 1925 antiquis
937 1869 1043 1909 manus
1067 1851 1269 1924 admoverunt,

121 1931 178 1993 illud
195 1937 283 1996 etiam
303 1936 483 1996 studuerunt
502 1937 628 2012 efficere,
647 1942 682 1994 ut
701 1938 835 2009 sublatis,
856 1957 931 2014 quae
950 1941 998 1998 vel
1012 1939 1186 2016 religionem
1206 1940 1268 1998 lae-

120 2021 204 2085 derent
220 2027 269 2086 vel
288 2025 442 2084 intellectu
462 2029 562 2084 essent
581 2025 762 2103 difficiliora,
786 2027 949 2086 orationem
973 2027 1012 2086 ad
1036 2027 1268 2104 intelligentiam

120 2115 266 2189 aequalium
290 2114 525 2174 accomodarent.
573 2113 657 2183 Quod
682 2115 814 2173 studium
837 2120 1069 2175 consentaneum
1094 2120 1139 2176 est
1166 2137 1269 2192 proee-

119 2199 188 2263 dente
203 2207 337 2280 tempere
356 2203 453 2278 magis
471 2203 642 2262 invaluisse.
678 2202 798 2279 Itaque,
822 2223 880 2279 quo
900 2204 995 2263 serius
1015 2223 1152 2281 quaeque
1171 2206 1267 2265 versio

118 2293 260 2353 retractata
278 2294 338 2369 est,
361 2310 396 2351 eo
416 2293 553 2367 pluribus
573 2294 603 2350 et
621 2291 864 2352 insolentioribus
889 2296 984 2353 scatet
1007 2292 1267 2354 immutationibus

118 2379 372 2458 emissionibusque.
405 2380 578 2440 Plutarehei
597 2382 697 2438 autem
712 2381 748 2440 de
762 2381 807 2440 ira
821 2381 916 2440 libelli
931 2381 1097 2456 exemplum
1112 2381 1267 2458 Syriacum

117 2471 292 2531 retractatum
309 2472 427 2528 uttam
446 2470 534 2545 longe
553 2469 591 2527 ab
608 2471 742 2544 exemplo
759 2468 873 2530 Graeco
892 2471 1078 2548 abhorreret,
1097 2489 1131 2529 ee
1151 2489 1268 2546 quoque

116 2553 288 2633 factumest,
311 2558 370 2617 nisi
393 2558 494 2631 fallor,
518 2559 598 2635 qued
621 2559 733 2637 versic,
757 2578 823 2618 curn
847 2562 979 2618 extreme
998 2560 1062 2618 loco
1087 2559 1197 2633 scripta
1221 2579 1268 2618 ex-

118 2647 202 2727 staret,
220 2650 251 2707 in
264 2648 365 2708 codiee
384 2647 575 2706 retractatori
589 2647 742 2722 proposito
756 2649 885 2725 pessime
900 2651 966 2707 erat
979 2647 1091 2707 habita.
1125 2648 1267 2708 Extremo

117 2737 199 2795 111111
221 2738 286 2796 1111
311 2755 377 2796 eam
397 2736 537 2812 scriptam
561 2736 655 2795 tuisse
679 2737 806 2811 prebent
829 2737 928 2814 capita
947 2735 1061 2796 Graeca
1079 2735 1267 2795 XIV—XVI

117 2825 214 2885 omissa.
235 2859 276 2868 -
296 2825 389 2885 Porro
412 2845 447 2884 ex
465 2824 512 2884 his
531 2827 616 2900 patet
633 2824 785 2884 versiones
804 2826 1000 2886 Plutarcheas
1025 2845 1085 2886 non
1108 2845 1144 2884 ex
1163 2828 1267 2885 eodem

118 2913 196 2974 codiee
214 2935 305 2975 manu
326 2915 421 2989 sripto
439 2914 652 2990 transscriptas
673 2933 737 2974 1111
756 2919 846 2991 atque
865 2917 1030 2992 versiones,
1056 2934 1132 2992 quae
1155 2915 1186 2972 in
1205 2917 1267 2975 ced.

117 3017 175 3061 nus.
187 3004 260 3063 Brit.
278 3005 385 3064 17209
406 3006 581 3080 sequuntur,
599 3003 724 3062 Luciani
742 3006 773 3063 et
792 3004 959 3064 Themistii.
990 3004 1095 3079 Neque
1115 3005 1193 3062 enim
1212 3009 1268 3081 est,

116 3093 177 3164 quod
192 3096 332 3169 putemus
350 3092 516 3163 librarium,
536 3092 587 3168 qui
605 3093 690 3150 illurn
708 3093 838 3152 codicem
857 3094 986 3170 scripsit,
1007 3093 1142 3152 ordinem
1159 3093 1267 3152 codicis

117 3177 159 3237 siti
170 3182 313 3258 propositi
327 3181 544 3240 immutavisse.
573 3180 686 3250 Quodsi
699 3200 759 3240 non
773 3201 809 3240 ex
823 3182 925 3242 eodem
936 3182 1035 3241 codice
1049 3182 1267 3256 transscriptae

116 3271 180 3346 sunt,
200 3290 239 3330 ne
263 3272 442 3329 retractatas
467 3269 587 3345 quidem
610 3269 649 3328 ab
674 3272 777 3329 eedem
800 3271 920 3330 homine
938 3288 1004 3329 esse
1026 3268 1180 3329 versiones
1198 3270 1267 3328 Plu-

118 3355 195 3418 tarchi
213 3362 244 3418 et
262 3359 386 3418 Luciani
403 3358 619 3434 Themistiique
637 3359 758 3434 probari
776 3363 886 3435 potest.
919 3360 1006 3418 Tres
1025 3358 1143 3433 igitur
1162 3359 1265 3416 mini·

114 3460 184 3506 num
207 3449 475 3507 retractatores
498 3447 775 3508 internoscendi
798 3452 890 3507 sunt.
926 3447 1068 3506 Primus
1091 3465 1152 3507 non
1170 3448 1266 3506 multe

115 3539 307 3604 mamertem
324 3535 422 3613 Sergii
439 3537 617 3596 retractavit
635 3538 801 3597 versionem
821 3536 1001 3596 orationis
1016 3536 1264 3612 Demeniceae,
1309 3536 1319 3553 '

113 3622 189 3684 alter
200 3625 355 3686 versiones
371 3624 523 3684 Luciani
537 3628 572 3684 et
587 3625 794 3701 Themistii,
813 3626 949 3684 tertius
969 3625 1096 3702 denique
1111 3643 1171 3699 eas,
1190 3644 1266 3702 quae

111 3712 152 3772 111
171 3715 289 3774 nomine
314 3713 505 3773 Plutarchi
532 3712 667 3790 proditae
695 3717 774 3774 sunt.
812 3715 967 3774 Postremo
996 3714 1075 3773 enim
1102 3713 1265 3790 versiones,

111 3816 170 3873 quae
188 3804 337 3878 feruntur,
355 3802 525 3862 libellorum
540 3802 785 3863 Plutarcheerum
807 3805 986 3863 retractatas
1006 3821 1071 3862 esse
1089 3802 1157 3862 inde
1176 3821 1264 3878 appa-

109 3893 169 3967 rent,
187 3892 268 3969 quod
281 3910 448 3968 perpaucae
467 3892 497 3950 in
511 3891 580 3951 illas
594 3896 664 3968 post
677 3893 921 3953 retractationem
936 3891 1121 3967 corruptelae
1135 3892 1263 3967 irrepse-

107 3984 172 4042 runt.
203 3982 253 4040 Ita
271 3981 350 4039 enim
369 3980 444 4039 illud
460 3999 577 4057 queque
590 3981 679 4040 facile
694 3981 836 4056 explicari
850 3983 959 4059 potest,
978 3981 1066 4057 quod,
1085 3980 1110 4038 si
1128 3979 1263 4054 integrae

106 4071 245 4131 versiones
265 4074 403 4129 servatae
422 4072 530 4143 essent,
550 4069 691 4145 explicari
710 4071 829 4130 omnine
846 4090 905 4129 nen
919 4073 1046 4146 poterat,
1065 4067 1185 4142 scilieet,
1204 4087 1262 4142 que

104 4157 212 4237 longius
232 4177 368 4235 quaeque
388 4157 485 4220 versio
505 4159 543 4218 ab
563 4160 697 4234 exemplo
713 4159 825 4220 Graeco
845 4159 1004 4235 recederet,
1024 4175 1057 4217 11
1071 4156 1262 4232 paucioribus

99 4247 315 4324 lenioribusque
334 4247 448 4308 mendis
468 4250 591 4307 scatere.
623 4247 767 4324 Denique,
788 4250 812 4308 si
831 4250 1059 4308 retractatorum
1076 4263 1181 4303 manus
1196 4265 1262 4320 per-

96 4357 196 4415 pessae
216 4340 289 4397 sunt
309 4337 473 4413 versiones,
498 4336 589 4396 etiam
611 4336 687 4395 illud
710 4336 798 4397 facile
817 4337 915 4413 potuit
934 4334 1078 4412 accidere,
1102 4338 1136 4393 ut
1155 4354 1262 4394 nemen

96 4427 263 4506 interpretis
282 4425 428 4486 interiret.
