2766 5130
337 306 340 310 Α
439 250 658 307 lucubrationes
678 250 747 322 Syro
762 253 894 309 Graecae.

164 419 256 479 seed
274 414 314 478 τὰ
333 415 461 479 παιδικὰ
480 423 549 496 post
567 414 841 502 ἐξευρίεκοιιοῗῧθ),

164 512 227 568 267
237 509 256 566 b
276 504 325 567 καὶ
345 503 472 568 ποικίλα
491 513 561 568 ante
581 502 742 588 Onplc751),

165 600 251 656 2680
270 592 371 671 μόνον
390 602 460 656 ante
479 590 733 680 discurrebam),

164 688 252 746 268d
273 681 371 760 νόμοι
390 691 460 745 ante
479 683 617 747 ἐνταῦθα
625 679 687 766 ⁷⁶³),

164 778 253 835 27οο
271 771 323 834 καὶ
340 770 401 849 γὰρ
421 770 597 848 ἀναγκαῖον
617 772 704 856 αὐτῷ
724 774 763 852 μὴ
784 770 839 836 ἐπ’
859 772 978 850 ὀλίγων
997 773 1154 858 ἱττοιμένῳ
1171 779 1248 854 μηδὲ

86 865 141 924 οἳ(
160 860 303 923 πλείοτιν
323 859 408 938 ἔχειν
428 858 477 923 ὅτι
497 857 717 947 xptcc110754),

164 963 255 1022 27οδ
279 955 419 1035 ἆρ”οὐκ
447 957 624 1034 ἀναγκαῖον
653 958 739 1040 αὐτῷ
765 963 893 1036 τιμῶντι
920 961 996 1023 τοὺ(
1024 959 1153 1038 ἑτέρου(
1181 966 1249 1026 rol(

86 1042 364 1129 tupoupevoulffi),

162 1151 248 1207 27οο
268 1145 369 1221 μόνον
388 1153 457 1227 post
476 1142 697 1231 Ζητητέονῗῧθ),

163 1241 203 1297 27
209 1241 252 1296 2a
271 1234 440 1311 πόρρωθεν
460 1233 655 1312 antedictae
675 1235 713 1314 δὴ
722 1230 784 1316 ²5⁷),

163 1329 252 1386 2731>
271 1327 316 1404 τῷ
336 1324 540 1405 θηρευομένῳ
560 1332 629 1387 ante
648 1323 704 1386 τὰ(
724 1319 937 1406 auxarum),

164 1418 254 1474 ared
273 1413 303 1474 ri
326 1412 387 1489 γὰρ
407 1411 446 1475 ἂν
466 1409 513 1488 εἴη
533 1413 645 1490 κέρδοι
664 1417 719 1491 τῆ(
739 1410 851 1490 ἄγραι,
875 1411 902 1476 εἰ
921 1414 1247 1494 κρατήταντειούτῆ(

86 1501 116 1577 ιὴ
135 1496 412 1583 κατάκχοιμενῖω),

165 1605 253 1662 2741)
273 1597 348 1661 εἴτι
369 1597 468 1661 αὐτοῦ
487 1599 624 1677 κινηθείη
645 1601 664 1677 ἢ
684 1600 865 1678 πνεύματος
884 1599 1114 1677 ἐπιγενομένου
1122 1595 1185 1684 ⁷⁶⁰),
1299 1615 1302 1623 ·

163 1693 251 1750 274δ
272 1685 371 1763 ἄλλη(
390 1693 459 1749 ante
478 1684 713 1774 Ξυμφορᾶιῖδῑ),

163 1781 251 1839 ared
271 1775 424 1838 πολλάκι(
443 1783 513 1838 ante
532 1773 674 1863 terrm),

164 1871 251 1928 278a
271 1863 492 1942 εἰιδεξάμενον
509 1874 578 1944 post
597 1866 825 1944 κατακρύπτειν
834 1861 895 1950 ²⁶³),

166 1965 292 2042 denique
316 1965 428 2038 omnia,
452 1985 528 2043 quae
548 1969 676 2027 arche
700 1972 804 2028 contra
823 1967 937 2027 Stot'cos
961 1969 1154 2043 proferuntur
1178 1970 1247 2028 inde

86 2053 117 2110 ab
134 2049 170 2112 οὐ
189 2051 250 2128 γὰρ
270 2049 417 2129 πείθομαι
436 2073 532 2131 usque
551 2057 589 2116 ad
609 2049 825 2136 cloccarum)

165 2161 277 2220 Contra
300 2161 440 2237 vestigia,
465 2161 573 2238 quibus
592 2163 813 2224 demonstretur
832 2164 922 2222 etiam
942 2163 1163 2223 Themistianae
1183 2183 1247 2224 ora-

86 2247 172 2323 tionis,
193 2251 271 2327 quod
292 2249 415 2326 Sergius
434 2251 587 2326 adhibuit,
610 2253 780 2327 exemplum
798 2252 1106 2328 interpolationes
1125 2272 1248 2329 perpes-

86 2352 141 2396 sum
159 2358 223 2398 csse
239 2339 367 2398 inveniri
381 2343 543 2416 nequeunt,
562 2340 619 2398 nisi
634 2341 708 2416 loco,
727 2361 816 2417 quem
832 2360 922 2418 supra
936 2340 1032 2419 attigi,
1053 2343 1147 2411 2680,
1166 2347 1246 2417 post-

86 2442 162 2498 quam
189 2424 318 2487 πάντως
346 2429 377 2485 in
404 2423 522 2487 πάντε(
551 2433 724 2505 corruptum
754 2433 814 2506 est,
841 2434 878 2489 ut
905 2433 1088 2490 structuram
1117 2434 1246 2506 sanaret,

86 2519 274 2575 ereceneore
294 2517 417 2576 librario
437 2519 557 2576 videtur
576 2515 728 2578 δύνανται
746 2513 801 2594 pro
820 2515 952 2578 edvardi
972 2519 1117 2595 scriptum
1136 2538 1210 2578 esse.

162 2625 257 2683 Multo
288 2624 382 2700 igitur
411 2624 501 2682 etiam
529 2625 739 2701 properantius
768 2629 859 2700 atque
886 2626 1095 2702 neglegentius
1125 2626 1246 2686 videtur

86 2711 216 2787 scriptum
240 2712 335 2772 fuisse
354 2713 575 2773 Themistianae
600 2713 744 2774 orationis
764 2733 854 2790 quarn
872 2715 968 2774 libelli
986 2714 1128 2774 Lucianei
1147 2734 1244 2773 exem-

86 2797 167 2878 plum,
195 2804 273 2878 quod
291 2801 425 2876 'Sergius
454 2802 604 2882 adhibuit,
632 2802 820 2880 gravioribus
849 2808 950 2862 autem
977 2804 1091 2864 mendis
1120 2798 1242 2879 prorsus

86 2891 211 2949 caruisse.
251 2890 325 2949 Cum
349 2894 457 2955 natura
479 2893 524 2951 rei
546 2892 577 2950 id
602 2912 692 2968 quam
710 2893 837 2952 maxime
857 2895 1002 2953 convenit.
1040 2893 1144 2970 Neque
1164 2895 1243 2952 enim

86 2977 149 3037 adeo
172 2981 301 3038 multum
324 2980 467 3054 temporis
486 2981 566 3039 inter
584 2981 740 3041 Themistii
760 2984 891 3041 aetatem
912 2986 941 3040 et
961 2982 1059 3060 Sergii
1076 2981 1245 3058 intercedit,

86 3067 113 3122 ut
132 3087 196 3127 cum
220 3069 317 3144 specie
336 3070 557 3144 prohab‘flitatis
582 3073 652 3146 poni
675 3073 771 3147 possit
793 3070 887 3130 verba
911 3071 1062 3146 sophistae
1083 3069 1190 3130 Graeci
1214 3072 1244 3129 in

86 3158 236 3234 exemplari
255 3158 330 3234 Syro
354 3158 512 3234 interpreti
536 3161 689 3236 proposito
709 3159 813 3218 multis
832 3159 1107 3235 interpretamentis
1127 3160 1244 3219 adulte·

86 3248 141 3304 rata
158 3247 259 3306 luisse.
298 3247 408 3306 Contra
427 3246 503 3305 illud
520 3249 661 3324 perfacile
681 3248 745 3307 fieri
763 3251 895 3325 poterat,
915 3249 951 3306 ut
969 3249 1136 3325 scriptoris,
1155 3268 1244 3324 quem

86 3335 171 3394 nullae
194 3336 458 3412 grammaticorum
482 3356 571 3396 curce
594 3341 765 3414 tuerentur,
789 3337 925 3413 singulae
950 3336 1094 3397 orationis
1113 3337 1174 3397 iam
1193 3339 1245 3396 du-

86 3424 164 3483 centis
190 3426 275 3483 annis
299 3430 366 3500 post
389 3429 516 3485 mortem
540 3426 635 3502 ipsius
654 3429 686 3486 in
704 3431 836 3486 extremo
857 3425 980 3485 orientis
1000 3426 1110 3502 angulo
1134 3430 1164 3486 et
1183 3447 1247 3486 mu-

86 3508 144 3570 tilae
165 3545 204 3554 -
224 3533 321 3589 neque
340 3514 418 3572 enim
438 3516 519 3573 ultra
536 3517 629 3576 verba
647 3512 686 3575 τὰ
705 3513 740 3576 δὲ
760 3510 852 3575 ἕντο(
872 3510 929 3574 οὐκ
948 3511 1117 3575 ἐθέλοντε(
1133 3515 1245 3575 διιδεῖν

86 3586 196 3682 (πικρά)
214 3604 303 3662 2791)
323 3604 480 3680 quicquam
500 3603 618 3663 videtur
637 3605 759 3682 Sergius
777 3605 886 3681 legisse
904 3635 942 3645 —
961 3607 992 3663 et
1004 3622 1149 3680 perquam
1164 3605 1245 3664 lacu·

86 3702 160 3749 cosae
188 3711 354 3770 parumque
381 3693 540 3768 diligenter
568 3697 706 3754 exaratae
731 3694 1000 3754 circumferrentur.
1045 3693 1152 3767 Itaque
1177 3712 1246 3769 quo
1358 3769 1363 3776 .

86 3778 186 3839 minor
205 3784 260 3840 est
279 3782 457 3841 versionis
474 3781 645 3857 Syriacae
663 3784 699 3842 in
713 3783 929 3860 detegendis
944 3781 1246 3858 interpolationi-

86 3860 137 3927 bus
161 3870 378 3945 auctoritaS,
407 3891 445 3930 eo
469 3873 616 3947 gravior
639 3877 694 3931 est
717 3873 752 3931 in
776 3871 1006 3949 corrigendis
1029 3870 1168 3929 mendis
1192 3870 1247 3929 la·

86 3959 245 4034 cunisque
266 3959 394 4043 Graeci
414 3962 606 4020 contextus
625 3962 822 4037 explendis.

160 4065 268 4142 Porro,
297 4069 410 4141 quanta
438 4066 541 4142 luerit,
571 4069 605 4125 ut
632 4085 651 4125 a
676 4067 784 4125 calami
806 4067 958 4127 erroribus
983 4069 1013 4125 et
1036 4064 1245 4125 omissionibus

86 4147 138 4211 'stis
161 4154 361 4231 discedamus,
386 4156 417 4212 in
440 4156 613 4214 universum
636 4157 803 4232 apographi
827 4155 963 4232 Sergiani
988 4154 1186 4231 praestantia,
1211 4173 1245 4212 eo

86 4251 188 4318 tuoque
218 4247 354 4320 apparet,
383 4245 462 4320 quod
489 4245 624 4320 optima
648 4264 823 4322 quaeque,
853 4265 929 4320 quae
954 4247 991 4304 ab
1016 4244 1133 4304 homine
1161 4244 1247 4302 docto

86 4333 242 4408 ueogitaca
269 4337 328 4408 est,
357 4332 560 4393 emendatio
588 4334 799 4394 testimonio
825 4333 946 4410 Sergii
972 4332 1247 4410 comprobatur,

86 4418 185 4480 cilicet

125 4531 204 4570 Jalub.
218 4530 234 4570 t.
250 4530 317 4571 class.
331 4529 415 4571 Philol.
447 4529 525 4580 Sappl.
540 4531 582 4572 Bd.
593 4532 658 4572 XXI.
1001 4526 1036 4574 30
