2744 5130
99 244 165 308 438
565 239 598 294 A.
618 238 798 294 Baumstarlrr

191 411 273 470 Haec
292 412 328 470 de
347 410 560 469 retractatione
579 409 748 469 versionum
765 407 987 483 Sergianarum‚
1006 426 1082 482 quae
1103 407 1167 465 sine
1185 408 1260 467 inter-

102 501 193 576 pretis
215 500 334 559 nomine
359 502 496 559 servatas
520 502 604 575 sunt,
632 498 794 570 habebam,
819 514 895 571 quae
919 495 1112 571 disputarem.
1151 495 1260 556 Veniam

102 608 189 666 spero
208 608 256 649 me
279 589 367 648 facile
393 589 624 663 impetraturum
644 605 723 660 esse,
747 585 825 662 quod
848 587 911 643 tam
933 585 1048 659 prolixe
1072 584 1110 644 de
1135 585 1260 645 hocloco

101 678 236 738 disserui.
284 678 450 736 Plurimum
476 677 591 735 confert
616 677 653 734 ad
676 674 885 735 auctorItatem
909 672 1009 749 Sergii
1031 674 1260 749 perspiciendam.

101 767 237 843 Apparet
261 767 340 826 enim
362 766 431 824 inda
455 767 548 824 libros
572 764 731 841 Sergianos
754 782 808 839 per
831 763 950 822 saecula
974 763 1030 836 VI,
1055 763 1127 837 VII,
1148 762 1220 820 VIII
1238 765 1260 821 iu

104 855 294 916 monasteriis
323 855 453 932 Syriacis
481 854 722 930 frequentissime
751 853 902 912 lectitatos
931 869 1003 910 esse.
1014 844 1071 932 451)
1116 852 1261 911 Praeterea

102 945 225 1004 maximi
249 945 391 1005 momenti
414 962 462 1002 rss
486 944 547 1018 est,
575 943 605 1001 in
629 941 821 1001 emendandis
847 940 1008 1000 seeundum
1031 941 1183 1001 versiones
1208 941 1259 1000 Ser·

105 1034 210 1111 gianas
235 1033 335 1093 verbis
359 1032 486 1096 Graecis.
533 1032 612 1090 Nam
635 1034 721 1107 patet
747 1032 836 1106 longe
860 1029 950 1088 aliam
973 1048 1037 1088 esse
1062 1029 1188 1088 aliarum
1209 1050 1259 1090 ver·

108 1123 226 1182 sionum
250 1122 468 1181 auctoritatem.
514 1120 711 1179 Plurimum
734 1121 834 1178 valet
860 1119 902 1177 ad
926 1119 1146 1179 emendanda
1167 1119 1261 1179 verba

104 1212 244 1271 Graeca
269 1209 387 1271 versio
412 1210 591 1270 orationis
609 1209 855 1269 Demoniceae.
892 1207 943 1265 Ne
961 1206 1113 1267 Luciani
1137 1208 1260 1284 quiden

105 1304 168 1359 aut
195 1298 391 1359 Themistii
418 1300 606 1359 versiones
635 1298 857 1373 spernendae
886 1297 977 1357 sunt.
1024 1297 1172 1356 Nullius
1198 1297 1259 1356 fere

104 1388 218 1465 pretii
238 1392 294 1448 est
311 1387 575 1464 interpretatio
594 1386 807 1447 Plutarchei
824 1386 865 1445 de
884 1385 939 1445 ira
957 1378 1149 1465 libellam)

511 1849 647 1923 Caput
678 1850 869 1907 alterum.

546 2009 661 2098 Spices
690 2009 842 2079 criticae.

343 2187 369 2244 1.
397 2179 620 2267 Ἰσοκράτους
643 2181 664 2244 ὁ
687 2183 779 2267 πρὸς
802 2178 1045 2266 Δημόνικον.*)

108 2311 143 2370 Α.
158 2309 187 2370 S.
202 2331 230 2387 p.
248 2312 309 2370 167
323 2329 345 2369 s.
362 2329 384 2370 s.
413 2311 554 2370 Isocratis
571 2310 730 2370 orationes.
758 2310 943 2386 Recognovit
957 2313 1014 2369 etc.
1029 2309 1065 2371 G.
1079 2311 1115 2373 Ε.
1129 2312 1261 2370 Benseler.

168 2399 269 2458 Editio
296 2399 393 2457 altera
420 2402 543 2458 curante
566 2399 717 2458 Friderico
744 2398 840 2458 Blass.
877 2398 1006 2475 Lipsiae.
1046 2402 1141 2461 1886.
1177 2395 1263 2459 Voll

167 2508 195 2563 p.
217 2491 308 2547 1s.s.
346 2488 467 2563 Ityssel,
496 2473 579 2546 Uber
602 2489 659 2546 den
683 2487 912 2546 textkritisohcn
935 2488 1022 2547 Wert
1050 2490 1104 2548 der
1127 2489 1262 2566 syrischcu

171 2563 417 2653 Ubersetzungsn
445 2577 647 2653 griechischer
675 2576 838 2635 Klassiker.
872 2576 911 2636 ΙΙ.
931 2577 1005 2636 Teil.
1043 2578 1164 2654 Leipzig
1184 2577 1262 2638 1881.

168 2685 197 2741 p.
218 2667 258 2726 29
271 2685 293 2725 s.
309 2683 331 2724 s.

196 2771 306 2829 Earum
332 2770 560 2847 scripturarum,
589 2788 663 2848 quas
687 2772 893 2847 apographum
917 2770 1013 2850 Sergii
1042 2773 1085 2832 ab
1109 2773 1263 2833 universa
1288 2770 1290 2843 ζ

106 2860 276 2933 omnium,
296 2860 355 2934 qui
374 2860 417 2918 ad
435 2862 595 2919 nostram
614 2879 726 2935 usque
741 2863 897 2919 aetatem
915 2862 1054 2921 servati
1068 2851 1164 2939 sunt,
1184 2859 1263 2920 codi·
1288 2910 1290 2919 .

105 2967 183 3007 curn
208 2946 424 3007 Graecorum
447 2949 617 3008 memoria
639 2941 793 3008 absonas
817 2949 993 3029 praebebat,
1023 2950 1089 3010 duo
1114 2954 1198 3010 sunt
1217 2967 1262 3026 ge·

105 3056 206 3114 nera,
229 3055 278 3112 aa,
302 3036 438 3112 quamvis
457 3036 518 3095 sint
542 3041 621 3097 certe
644 3037 766 3112 qnidam
784 3038 854 3116 loci,
877 3039 909 3096 in
928 3039 1036 3114 quibus
1056 3039 1218 3099 iudicandis
1235 3035 1261 3093 dc
1287 3060 1290 3173 Ι

106 3145 164 3202 quo
189 3144 298 3201 genere
323 3125 516 3201 cogitandum
538 3128 590 3204 sit,
614 3127 752 3186 dubitare
776 3128 887 3202 possis,
910 3128 940 3184 in
964 3127 1138 3188 universum
1162 3128 1261 3204 quiden
1288 3182 1290 3203 Ι

106 3234 195 3290 quam
215 3214 343 3273 maxims
362 3213 440 3274 inter
456 3233 487 3274 sa
506 3214 632 3275 diversa.
665 3216 831 3274 Alterum
850 3235 1011 3275 errorum
1032 3220 1086 3276 est
1106 3221 1167 3277 aut
1185 3233 1260 3275 msu-
1287 3230 1290 3329 i

105 3302 241 3377 dorum,
271 3322 360 3379 quae
389 3303 585 3379 iniquitati
613 3305 788 3380 temporis
815 3305 872 3365 vel
895 3305 1132 3366 librariorum
1157 3304 1260 3382 negls·
1287 3338 1290 3371 .

103 3392 254 3468 gantiae
268 3393 507 3465 debebantur,
527 3413 647 3453 eorum
662 3393 947 3452 leviusculorum
966 3394 1109 3470 quidem
1122 3397 1260 3472 plerun-
1285 3380 1290 3467 i

47 3522 57 3543 .
105 3500 172 3556 que
191 3486 240 3557 et,
260 3499 351 3556 quae
366 3481 538 3540 mediocri
557 3501 641 3541 cura
658 3482 777 3558 possis
792 3482 985 3558 corrigere.
1012 3483 1180 3542 Alterum
1194 3495 1260 3544 varo
1285 3472 1290 3507 ³

104 3589 217 3646 genus
239 3573 293 3629 est
312 3571 519 3647 graviorum
539 3571 707 3630 lectionis
728 3572 963 3647 varietatum,
988 3591 1003 3630 e
1022 3572 1153 3648 quibus
1172 3586 1259 3648 appa·
1284 3512 1290 3659 Ι

104 3661 172 3734 ret,
200 3658 234 3716 id
257 3658 352 3734 quod
376 3658 515 3734 primus
534 3660 723 3736 Rysselius
747 3660 955 3736 suspicatus
979 3652 1109 3742 est453),
1133 3661 1260 3738 Syriaco
1286 3664 1290 3725 l

103 3766 244 3806 versam
263 3766 342 3806 esse
365 3749 613 3808 recensionem
637 3748 815 3808 orationis
836 3748 1070 3808 Demoniceae
1092 3751 1259 3825 antiquam
1285 3748 1290 3813 Ξ

104 3839 139 3895 et
157 3855 305 3911 prorsus
325 3837 503 3895 diversam
523 3837 565 3896 ab
585 3855 626 3896 ea
644 3837 868 3914 recensione,
888 3857 990 3914 quem
1005 3839 1123 3897 nostri
1139 3838 1259 3898 codices
1285 3832 1290 3891 ἐ·

104 3924 234 3991 Graeci
253 3925 433 3984 exhibent.
470 3925 605 4002 Denique
624 3925 774 3985 interdum
792 3927 882 4002 paulo
902 3927 999 4002 magis
1013 3927 1212 3986 intricatores
1226 3920 1260 3980 est
1288 3954 1290 3979 ;

102 4014 163 4089 ita,
187 4016 223 4071 ut
241 4015 365 4089 antiqua
384 4014 530 4090 quaedam
550 4015 685 4082 lectionis
703 4015 848 4089 varietas,
871 4035 946 4092 quae
966 4035 984 4074 a
1001 4020 1173 4076 nostrorum
1190 4015 1260 4075 libro·

191 4200 216 4272 *)
236 4205 253 4256 Γ
270 4228 302 4246 =
318 4202 405 4256 codex
424 4201 556 4268 Urbinas,
582 4203 603 4255 Λ
614 4227 646 4246 =
658 4203 745 4258 codex
761 4202 925 4268 Vaticanus,
944 4203 973 4257 Π
983 4228 1017 4247 =
1028 4204 1116 4257 codex
1131 4201 1261 4257 Parisinus.

102 4271 124 4323 L
139 4298 172 4318 =
188 4273 275 4326 codex
289 4272 491 4327 Laurentianus
511 4277 554 4338 58,
574 4277 590 4325 ὁ
609 4273 707 4328 collati
726 4273 954 4340 aBuermaunio,
972 4273 994 4326 Ε
1009 4299 1043 4319 =
1058 4275 1147 4329 codex
1161 4273 1261 4328 Ambro-

103 4341 205 4413 sianus,
226 4344 292 4398 6=
308 4345 447 4399 corrector
465 4343 570 4400 codicis
589 4342 626 4414 Ε,
648 4346 666 4398 Z
682 4371 715 4391 =
730 4345 818 4400 codex
837 4345 1044 4414 Scaphusianus
1063 4345 1160 4401 collati
1177 4342 1262 4400 aDre·

102 4413 191 4484 rupio,
211 4415 229 4469 S
245 4441 278 4460 ==
298 4416 491 4485 apographum
510 4414 610 4487 Sergii.
