2744 5130
341 280 345 288 ·
405 257 624 316 Lucubrationes
644 257 858 330 Syro-Graecae.
1152 263 1218 328 413

86 445 103 484 o
124 445 188 486 non
206 429 322 506 potest,
346 429 424 504 quod
443 448 596 505 nunquam
614 430 645 488 in
664 431 720 507 eis,
741 450 815 507 quas
835 435 1010 509 tractamus,
1031 433 1218 494 versionibus

84 525 209 583 rfectum
232 526 317 585 verbi
340 509 409 595 loos
435 546 501 586 eum
524 528 698 605 imperfecto
722 529 870 606 iungitur,
894 531 931 589 ab
955 532 1074 592 homine
1098 533 1219 594 videtur

84 623 178 680 litum
198 641 274 701 esse,
294 624 346 699 qui
365 627 544 685 sententiam
563 627 701 686 irraalem
720 628 938 687 informandam
957 649 1023 690 esse
1042 635 1172 707 putaret.

131 730 277 790 Themist.
303 732 339 790 de
362 732 447 793 amia.
471 733 494 792 Ι.
514 733 541 793 S.
559 735 670 811 53,16
698 735 724 794 si
748 735 967 813 scripserimus,
996 737 1026 795 id
1050 740 1129 814 quod
1152 739 1218 798 fieri

84 846 165 887 orsus
192 827 296 907 debet,
324 817 504 889 Hoffmanno
530 822 711 912 auetore³⁸⁰)
734 840 809 904 ms
830 853 884 909 pro
907 841 1000 914 sni,
1029 836 1217 896 scribendum

84 941 91 994 t
109 937 200 996 etiam
219 920 292 1005 1]Ξῖ
310 954 365 1013 pro
384 920 459 1014 ΘΧ,
480 935 560 1012 quod
578 937 788 1013 interpolatori
807 939 943 1019 debetur,
962 942 1014 1017 qui
1027 942 1087 1001 iam
1102 942 1217 1005 invenit

84 1043 118 1102 nd
135 1052 229 1114 ‘0³2³-

131 1167 313 1344 tI.S.3851)7,1
344 1152 427 1254 igino
455 1171 524 1227 ante
551 1150 678 1276 Q&
705 1170 856 1247 glossema
884 1177 931 1232 est
959 1193 995 1233 ex
1023 1177 1217 1253 sequentibus

86 1286 129 1342 mp
145 1285 205 1324 um.

131 1379 259 1441 Plut.de
270 1399 364 1439 exere.
380 1380 416 1440 A.
427 1380 455 1439 S.
468 1383 564 1458 179,1
582 1383 673 1442 verba
689 1378 855 1450 orbs-nm
869 1375 906 1498 ll,
923 1375 959 1464 112
973 1371 1071 1459 lm&
1083 1371 1159 1458 lusi]
1176 1374 1217 1459 οἶ

84 1497 142 1555 leto
164 1510 177 1575 ρ
198 1497 374 1574 pronomine
392 1497 518 1557 relativo
537 1501 607 1558 ante
626 1487 647 1566 ll
667 1498 887 1573 transponenda
907 1504 976 1560 sunt
994 1502 1064 1577 post
1081 1485 1214 1594 (rigia.

84 1621 122 1661 um
144 1605 235 1664 verba
257 1586 426 1693 <sigi-1112
446 1588 539 1704 lQ
558 1588 657 1695 <Salo
685 1623 829 1680 suspensa
858 1610 929 1665 sunt
956 1627 975 1667 a
1000 1609 1093 1668 verbo
1120 1616 1218 1665 ma

84 1709 128 1770 .S.
144 1713 216 1788 178,
232 1712 284 1770 30.
328 1709 452 1787 Contra,
480 1730 614 1786 eaquae
637 1715 859 1790 transponenda
883 1731 948 1772 esse
966 1716 1054 1791 puto,
1082 1713 1217 1772 efficiunt

84 1826 149 1866 »vam
167 1808 445 1886 interrogationem.
482 1809 563 1868 Illud
582 1823 595 1888 2
613 1809 708 1884 igitur
726 1810 952 1886 interpolatoris
972 1813 1031 1888 est,
1055 1812 1106 1887 qui
1124 1812 1217 1871 verba

84 1908 122 1964 rte
145 1906 256 1966 omissa
280 1909 311 1965 et
334 1907 364 1965 in
386 1907 520 1983 margine
539 1906 643 1964 addita
660 1907 737 1967 falso
756 1909 821 1967 loco
842 1909 993 1968 contextui
1012 1909 1155 1969 orationis
1174 1910 1216 1967 in-

85 1996 139 2053 ruit
157 1994 333 2072 studuitque
353 2015 420 2055 cum
439 1995 684 2055 antecedentibus
703 1997 891 2074 coniungere.

132 2094 186 2152 His
205 2095 277 2170 fere,
297 2112 373 2171 quae
387 2095 484 2169 magis
503 2095 540 2152 ad
555 2113 618 2152 rem
633 2095 765 2153 criticam
781 2097 926 2171 spectant,
945 2096 1118 2170 praemissis
1132 2095 1216 2155 lubet

84 2183 87 2238 l
107 2183 200 2257 ipsam
222 2183 395 2244 versionum
418 2183 670 2258 comparationem
694 2184 841 2244 accedere.
883 2183 928 2244 Ao
945 2185 1076 2259 primum
1096 2185 1216 2262 quidem

84 2288 235 2347 rgenere
254 2272 439 2331 scribendi
458 2272 563 2330 dicam.
600 2273 705 2348 Neque
724 2292 795 2351 vero
815 2273 904 2350 longe
923 2275 1044 2349 lateque
1061 2277 1214 2348 patentem

84 2378 139 2419 eum
158 2380 282 2438 prorsus
302 2362 458 2421 absolvere
477 2361 508 2419 in
523 2361 621 2420 animo
637 2361 742 2438 habeo,
761 2362 790 2420 id
807 2363 885 2438 quod
900 2362 957 2420 nisi
971 2363 1089 2438 integro
1103 2362 1214 2438 libello,

84 2469 157 2508 tnon
181 2450 277 2510 dicam
302 2450 393 2523 libro,
416 2449 535 2509 condito
558 2450 623 2508 fieri
648 2450 699 2510 vix
716 2451 906 2526 potest,·sed
925 2469 960 2509 ea
978 2454 1096 2509 tantum
1116 2452 1215 2525 capita

84 2539 145 2598 rucis
163 2540 319 2598 illustrare
338 2538 473 2616 conabor,
494 2558 570 2615 quae
584 2540 622 2597 ad
636 2540 834 2616 propinquam
849 2540 1019 2599 versionum
1036 2539 1213 2598 affinitatem

85 2628 276 2703 gnosoendam
297 2628 410 2704 aliquid
429 2629 595 2687 conferunt.
1171 2706 1174 2711 ¹

130 2723 158 2783 Α
180 2726 290 2803 prima,
313 2730 349 2785 ut
372 2725 413 2785 sie
433 2726 570 2804 dixerim,
591 2727 777 2802 supellectile
796 2726 941 2786 sermonis
960 2725 1113 2801 incipiam,
1137 2744 1213 2802 quae

85 2813 138 2872 tin
155 2813 302 2874 delectu
320 2816 512 2875 verborum
530 2816 637 2891 posita.
674 2816 808 2874 Plurima
824 2816 855 2874 in
873 2815 997 2892 reliquis
1017 2815 1214 2888 versionibus,

84 2902 206 2978 »quibus
226 2904 411 2979 disputatur,
436 2905 581 2963 voeabula
600 2905 746 2980 simplicia
765 2909 835 2964 sunt
854 2908 885 2965 et
902 2906 1024 2981 propria
1043 2908 1073 2964 et
1091 2899 1154 2964 nsit
1175 2908 1213 2964 ta.

84 2990 125 3049 ihil
146 2992 209 3052 fere
233 2993 313 3052 inest
336 2993 560 3053 translatorum.
597 2993 782 3054 Paueissima
804 2995 1011 3069 inveniuntur,
1035 3013 1111 3070 quae
1136 3013 1215 3055 nova

84 3083 114 3138 :ta
135 3073 269 3161 sint³⁸²),
297 3082 394 3140 multa
417 3084 517 3141 autem
541 3082 652 3157 prisca,
681 3084 841 3161 exquisita,
865 3103 1000 3159 quaeque
1024 3084 1215 3143 discedanta

84 3170 191 3229 mmuni
216 3189 296 3246 penu
322 3175 352 3230 et
375 3172 589 3231 consuetudine
612 3164 845 3254 verborum³⁸³),
868 3192 965 3249 neque
990 3176 1091 3231 tamen
1109 3173 1214 3244 ullum,

84 3263 210 3318 inrecte
230 3261 370 3336 sentiam,
395 3261 575 3334 obsoletum,
600 3261 721 3339 durum,
742 3263 888 3320 scabrum.
925 3260 1101 3319 Aoeuratius
1121 3261 1212 3335 potis·

84 3352 253 3407 natantum
271 3349 371 3424 capita
389 3351 519 3408 tractare
538 3350 630 3409 lubet.

129 3437 173 3496 Ao
195 3437 326 3512 primum
349 3438 469 3514 quidem
496 3439 532 3497 de
551 3434 739 3499 vocabulis
759 3439 963 3516 peregrinis
983 3438 1140 3497 dicendum
1159 3442 1213 3498 est.

84 3541 138 3585 rens
156 3527 303 3586 maximus
323 3527 418 3586 estin
438 3527 631 3603 scriptoribus
651 3527 735 3604 Syris
755 3548 821 3588 cum
842 3529 978 3587 omnibus
997 3531 1063 3586 tum
1084 3528 1139 3602 eis,
1163 3528 1214 3604 qui

102 3616 156 3676 alio
181 3634 317 3675 sermone
336 3617 367 3674 in
386 3615 541 3693 Syriacum
561 3617 757 3677 transferunt.
795 3618 888 3692 Atqui
907 3636 958 3677 sex
977 3617 1061 3694 illae,
1088 3618 1124 3675 de
1143 3635 1213 3691 qua-

84 3723 108 3761 m
126 3705 241 3783 origine
261 3704 426 3781 ambigitur
444 3706 605 3783 versiones,
627 3726 722 3783 aeque
742 3710 831 3782 atque
850 3707 947 3766 versio
967 3707 1035 3764 libri
1052 3706 1088 3764 de
1103 3706 1212 3764 mundo

86 3794 186 3870 rgiana
214 3795 397 3870 singularem
428 3795 568 3854 exhibant
591 3796 751 3856 verborum
778 3799 967 3855 externorum
993 3795 1212 3870 parsimoniam.

84 3881 216 3943 tGraeea
234 3883 354 3959 quidem
373 3884 447 3943 adeo
466 3884 563 3943 multa
581 3885 712 3944 admissa
731 3888 801 3943 sunt
820 3886 981 3960 eademque
996 3886 1027 3942 iu
1041 3884 1212 3943 universum

84 3971 159 4032 idern
186 3991 241 4049 per
269 3991 369 4032 omnes
398 3964 619 4053 versionesiffl)
666 3973 749 4043 Quae
777 3974 909 4033 admissa
937 3978 1021 4047 sunt,
1053 3973 1212 4031 maximam

84 4065 156 4120 rtem
179 4061 211 4120 in
231 4061 367 4122 versione
385 4062 546 4121 bibliorum
567 4062 695 4138 simplici
715 4064 761 4123 vel
780 4063 860 4139 apud
879 4062 1100 4138 antiquissimos
1120 4064 1211 4137 scrip·

84 4169 118 4211 es
137 4150 230 4228 Syros
245 4150 400 4227 indigenas
420 4152 570 4228 leguntur.
590 4183 627 4192 —
648 4151 743 4210 Multo
762 4152 853 4211 etiam
872 4152 969 4211 rarius
989 4170 1078 4226 quam
1098 4151 1213 4210 Graeca
1268 4216 1272 4223 ,

84 4259 97 4298 a
119 4240 268 4302 voeabula
290 4241 449 4316 peregrina
472 4240 589 4301 obviam
614 4243 693 4301 sunt.
730 4242 755 4299 E
774 4241 879 4317 lingua
896 4241 1006 4299 Latina
1024 4241 1146 4298 ductum
1166 4243 1212 4299 est

84 4358 132 4398 nm
152 4321 227 4411 lli»
246 4337 325 4398 Plut.
344 4339 381 4398 de
400 4339 496 4398 cohib.
516 4340 550 4399 ir.
571 4340 605 4399 A.
626 4337 653 4398 S.
671 4341 743 4416 191,
761 4341 810 4398 16.
847 4338 975 4414 Reliqua
997 4338 1141 4397 voeabula
1164 4357 1211 4397 ex-

84 4458 131 4514 na,
153 4457 231 4515 quae
250 4437 451 4516 inveniuntur,
469 4439 531 4497 iam
549 4438 645 4497 multo
664 4439 733 4496 ante
753 4439 882 4496 aetatem
900 4436 1070 4496 versionum
1084 4437 1212 4497 istarum
