2736 5130
171 245 244 309 ‘378
530 236 536 248 ’
644 194 680 299 A
697 245 878 299 Baumstark:

167 396 263 473 ⁸suam
281 380 463 492 unamffl),
482 412 603 485 Graecis
623 432 694 472 suae
709 413 808 490 gentis
823 413 958 472 homines
973 379 1077 471 doctos
1092 412 1225 487 oppon‘t.
1234 404 1287 493 148)
1322 413 1343 470 E

178 504 285 580 quibus
303 504 390 562 unice
408 503 540 561 omnium
559 503 741 562 clarissimus
761 505 807 561 est
824 493 999 582 11124249)
1035 501 1084 560 Ibi
1106 501 1239 576 primum
1259 521 1343 576 quae-

178 593 246 650 dam
270 612 305 651 ex
324 592 453 651 Homero
477 593 650 652 afferuntur.
689 592 756 650 Mox
780 592 950 651 annectitur
972 611 990 649 a
1011 591 1108 651 verbis
1133 585 1274 685 (Um
1298 587 1343 665 ,lli

178 690 232 779 (lb.
252 718 305 757 ms.
324 690 476 792 wrm)
500 700 590 776 „dicit
610 697 739 775 Kostus“
763 698 1093 773 incipiens'annotatm,
1117 715 1177 774 qua
1197 695 1342 774 Graeciae,

177 805 216 863 ad
243 806 327 863 cuius
355 808 470 864 caelum
497 807 589 866 verba
612 805 733 864 Homeri
758 806 869 880 optime
896 805 1055 880 quadrent,
1085 804 1244 863 scribentis
1268 808 1341 863 terra

177 895 344 974 oppqnitur.
382 893 477 970 Atqui
500 896 573 953 haee
591 896 674 953 nulla
692 914 822 969 unquam
842 897 906 953 arte
926 894 963 952 ad
984 893 1134 970 Sergium,
1161 913 1250 969 quem
1269 886 1342 970 Heg'i

177 981 284 1041 Chalia
312 982 399 1059 fingit
424 985 618 1059 interpretem
641 984 785 1057 Arabem,
814 984 946 1043 revocari
971 985 1121 1057 poterunt.
1158 983 1259 1058 Ipsius
1285 983 1341 1041 sine

115 1142 119 1149 Ι
177 1073 380 1132 controversia
397 1073 514 1153 Kostns
534 1075 612 1132 sunt.
643 1073 673 1132 Is
693 1092 774 1150 ergo,
794 1072 845 1148 qui
863 1072 982 1132 nomine
997 1072 1133 1150 Kostus
1153 1050 1340 1147 signiddatur,

176 1180 246 1218 non
264 1161 461 1237 exemplum
478 1160 649 1221 Graecum
670 1162 731 1221 sed
751 1180 838 1238 earn,
857 1180 947 1237 quae
967 1161 1056 1218 etin
1074 1161 1237 1219 manibus
1254 1154 1341 1239 Hag‘i

165 1247 331 1308 'Ohalfae
349 1253 427 1309 erat
445 1254 480 1310 et
498 1251 533 1308 in
552 1252 672 1310 codice
688 1251 923 1328 Lugdu'ncnsi
942 1252 1124 1326 servatur,
1144 1249 1342 1309 versionem

67 1345 73 1356 ⁴
177 1339 368 1398 Arabicam
387 1340 563 1417 condidit,
583 1340 627 1398 ita
646 1339 775 1416 quidem,
794 1342 830 1397 ut
843 1338 956 1414 passim
971 1339 1104 1412 exemplo
1120 1339 1177 1397 sibi
1191 1338 1341 1415 proposito

175 1427 326 1487 liberrime
344 1432 493 1504 uteretur,
517 1430 700 1505 adderetque
720 1430 830 1506 multa,
854 1447 929 1504 quae
949 1428 985 1486 ad
1005 1445 1077 1486 suae
1096 1427 1213 1502 patriae
1232 1428 1342 1505 caelum
1363 1492 1366 1497 ,

103 1574 108 1583 ,
175 1511 346 1593 spectarent
368 1537 457 1593 quam
480 1519 608 1577 maxime
632 1538 650 1577 a
669 1517 782 1577 Graeco
802 1518 963 1576 diversum.
982 1547 1026 1557 -
1045 1516 1091 1574 Ne
1110 1516 1209 1591 ipsum
1227 1515 1342 1591 quidem

175 1605 288 1683 Rostris
307 1626 415 1666 nomen
433 1610 513 1666 reete
528 1607 627 1665 habet.
659 1608 754 1665 immo
770 1606 884 1687 Kostae
898 1623 1006 1665 nomen
1019 1604 1178 1679 interpreti
1192 1605 1238 1663 illi
1251 1605 1340 1664 fuisse

106 1704 113 1716 ·
176 1697 343 1756 certissimo
362 1696 532 1754 testimonio
554 1695 708 1770 scriptoris
727 1695 855 1754 efficitur
870 1689 953 1772 Hag'i
969 1687 1076 1752 Obalfa
1090 1695 1186 1752 multo
1201 1697 1232 1752 et
1246 1697 1341 1753 aetate

174 1785 335 1860 superioris
354 1787 384 1843 et
402 1785 460 1843 fide
480 1784 633 1859 dignioris.
657 1785 766 1843 Rhasis
785 1783 917 1860 inquam.
946 1782 1027 1853 Quae
1043 1782 1127 1840 enim
1135 1783 1185 1841 ille
1200 1784 1231 1842 in
1247 1780 1342 1842 Conti-

154 1869 264 1931 ‘ncnte
284 1893 320 1932 ex
338 1873 415 1932 libro
434 1874 636 1950 agriculturae
651 1872 781 1932 Graecae
801 1873 929 1954 allecta
947 1871 1075 1948 quodam
1095 1890 1180 1931 verso
1196 1872 1293 1945 affert,
1312 1891 1343 1930 ea

173 1963 272 2021 omnia
287 1965 357 2020 sunt
370 1962 402 2020 in
416 1963 513 2022 codice
524 1956 722 2039 Lugdunensi
737 1962 788 2037 qui
803 1981 910 2021 nomen
924 1963 1038 2037 Kestr'rs
1052 1980 1124 2035 prae
1140 1979 1171 2019 se
1185 1960 1254 2020 fert.
1283 1960 1342 2019 Iam

174 2051 226 2126 qui
244 2051 339 2130 Kosta
360 2052 575 2127 intelligendus
598 2051 650 2127 sit,
674 2052 765 2128 oleat,
790 2070 856 2109 cum
877 2051 983 2110 scitum
1003 2051 1043 2108 sit
1062 2050 1211 2128 Kostam
1229 2048 1342 2108 Lucae

173 2139 293 2212 filium
316 2138 583 2200 Baalbecenum
609 2140 720 2201 librum
748 2140 950 2215 agriculturae
976 2138 1108 2197 Graecae
1131 2137 1260 2197 Arabico
1282 2157 1343 2198 ver·

75 2242 78 2247 ·
174 2228 390 2289 sumedidisse.
422 2229 546 2289 Accedit
560 2231 595 2287 nt
610 2227 718 2306 aetate,
738 2229 804 2306 fide,
822 2228 938 2305 studiis,
953 2228 1101 2302 scriptura
1115 2227 1194 2284 inter
1210 2221 1353 2304 Kostam,

173 2317 257 2376 cuius
282 2319 439 2378 translatio
464 2322 510 2378 est
533 2319 564 2376 in
588 2319 686 2377 codice
705 2317 912 2394 Lugdunensi,
936 2320 968 2376 et
984 2317 1113 2396 Kostam
1131 2313 1232 2374 Lucae
1251 2315 1342 2396 filium

172 2408 338 2468 conveniat.
366 2407 476 2466 Filium
490 2409 588 2466 Lucae
608 2407 805 2467 clarissimum
825 2407 910 2465 illum
926 2405 1138 2482 philosophum
1152 2408 1184 2463 et
1197 2404 1342 2464 medicum

173 2498 299 2554 exeunte
323 2498 440 2556 saeculo
462 2516 539 2556 nono
559 2496 596 2555 ad
616 2497 716 2555 aulam
734 2496 944 2579 cbalipharum
961 2497 1114 2554 evocatum
1135 2512 1201 2553 esse
1219 2497 1343 2553 constat,

175 2584 278 2642 Versio
293 2585 422 2644 Arabica
436 2585 644 2662 Lugdunensis
663 2590 728 2644 tum
747 2586 891 2660 temporis
910 2584 1029 2645 condita
1048 2598 1113 2641 esse
1129 2582 1259 2659 videtur,
1279 2601 1343 2642 cum

173 2674 210 2732 ad
229 2678 309 2733 artes
325 2675 523 2752 scientiaeque
540 2664 676 2733 Arabum
690 2674 796 2750 lin'gua
809 2674 987 2749 litteraeque
1001 2671 1138 2731 Persicae
1152 2672 1344 2731 conferebant

171 2762 346 2841 plurimum,
380 2767 414 2821 nt
444 2783 570 2839 quarum
596 2764 727 2838 vestigia
753 2763 867 2838 passim
894 2763 925 2820 in
948 2761 1047 2820 codice
1071 2760 1271 2836 Lugdunensi
1293 2779 1341 2837 pa·

171 2854 263 2910 teant.
301 2852 334 2910 ld
359 2856 461 2911 autern
482 2851 608 2911 maxime
627 2851 756 2928 quadrat
775 2853 813 2910 ad
832 2851 1056 2927 magnificorum
1073 2850 1196 2909 illorum
1217 2846 1342 2909 Abbasi-

172 2941 277 2998 darum
297 2944 440 3015 aetatem,
460 2943 511 3018 qui
529 2941 659 3017 undique
679 2960 711 2999 se
730 2941 857 3000 Persicis
875 2939 1012 3014 ingeniis,
1031 2939 1158 3016 artibus,
1177 2938 1339 3013 splendori·

171 3031 237 3106 buS,
255 3030 383 3089 lautitiis
403 3030 570 3108 cingebant.
604 3029 689 3088 Fidei
699 3030 830 3107 'Kostam
845 3029 944 3088 Lucae
963 3027 1058 3085 filium
1077 3027 1232 3086 addictum
1251 3027 1340 3087 fuisse

172 3117 361 3178 Christianae
386 3120 494 3178 scitum
512 3122 566 3179 est.
603 3118 698 3194 Atqui
716 3119 747 3176 in
766 3118 864 3178 codice
883 3116 1079 3193 Lugdunensi
1097 3119 1219 3192 praeter
1238 3116 1340 3175 laudes

79 3232 83 3241 ·
171 3207 227 3282 Dei
252 3209 284 3266 et
300 3208 531 3285 Muhammedis,
554 3227 627 3284 quas
652 3204 684 3265 i'n
706 3208 764 3265 fine
785 3206 970 3285 singulorum
989 3206 1136 3264 librorum
1154 3205 1273 3265 librarii
1290 3205 1339 3264 ad-

81 3298 85 3304 “
172 3297 241 3355 dere
265 3298 375 3373 solent,
401 3299 537 3373 quamvis
556 3298 665 3373 multa,
691 3297 721 3354 id
740 3297 819 3372 quod
839 3300 868 3354 et
887 3295 975 3370 attigi
994 3295 1055 3352 iam
1074 3298 1104 3352 et
1122 3293 1204 3352 infra
1222 3312 1338 3354 accura-

171 3385 230 3444 tiu's
250 3405 427 3464 persequar,
450 3388 600 3462 interpres
618 3386 717 3444 Arabs
737 3405 772 3444 ex
791 3385 916 3444 arbitrio
937 3403 990 3442 suo
1010 3383 1189 3459 mutaverit,
1209 3383 1338 3442 Moham·

171 3475 315 3533 medanae
338 3476 490 3551 religionis
513 3475 622 3534 indicia
645 3475 729 3532 nulla
753 3493 878 3550 usquam
902 3472 1026 3548 reperiri
1049 3475 1184 3547 possunt.
1229 3471 1336 3531 Deinde

171 3565 338 3624 versionem
355 3565 586 3641 Lugdunensem
606 3563 755 3635 amedico
775 3564 941 3622 confectam
960 3580 1024 3621 esse
1043 3561 1223 3636 putaverim.
1261 3560 1336 3631 Quae

172 3654 251 3711 enim
278 3654 315 3711 de
337 3655 473 3714 sanitate
501 3655 655 3714 bominum
674 3656 841 3731 praecepta
865 3652 898 3710 iu
920 3651 1083 3725 exemplari
1107 3650 1165 3709 sibi
1189 3645 1335 3725 proposito

172 3743 281 3818 ubique
300 3742 435 3817 dispersa
452 3743 637 3819 inveniebat,
663 3742 809 3816 singulari
829 3760 900 3801 cura
918 3739 1053 3816 collegit,
1074 3739 1118 3797 ita
1137 3740 1172 3796 nt
1190 3739 1335 3814 proprium

170 3831 281 3890 librum
307 3831 467 3891 efficerent.
510 3831 641 3890 Medieae
669 3849 739 3890 vero
768 3831 829 3890 arti
856 3830 1046 3906 praecipuam
1070 3845 1193 3903 operam
1217 3843 1334 3887 navasse

171 3920 300 4000 Kostam
314 3922 413 3980 Lucae
432 3921 527 3978 filium
545 3919 624 3978 int‘er
643 3918 755 3997 omnes,
774 3921 825 3997 qui
843 3921 879 3979 de
897 3939 931 3978 eo
946 3921 1025 3993 sunt,
1043 3919 1181 3994 auctores
1196 3915 1334 3976 convenit

93 4075 100 4087 ι
172 4009 326 4086 Scriptura
350 4009 476 4086 denique
501 4008 572 4089 quin
596 4009 694 4068 Lucae
717 4008 797 4068 filius
821 4009 853 4066 in
876 4007 1011 4066 confiniis
1030 4005 1335 4082 Syriae.Arabiaeque

171 4104 272 4174 natus,
292 4099 393 4176 quiin
412 4097 628 4174 Mesopotamia
646 4099 885 4158 maxime-vitam
904 4097 1036 4172 degeret,
1056 4094 1184 4154 Oufitica
1201 4112 1274 4155 usus
1290 4091 1335 4161 sit

173 4207 232 4257 non
251 4188 340 4247 debet
359 4186 498 4246 dubitari.
538 4185 770 4245 Consonantium
790 4190 890 4245 autem
908 4187 1088 4257 litterarum,
1107 4202 1181 4258 quas
1200 4185 1232 4243 in
1248 4179 1336 4242 nomi·

61 4312 67 4323 -
172 4277 260 4336 nibus
289 4277 411 4336 Graecis
438 4276 528 4334 codes
558 4276 767 4351 Lugdunensis
796 4275 928 4348 exhibet,
961 4274 1199 4350 permutationes
1226 4271 1283 4331 nisi
1305 4269 1347 4326 in.

172 4367 319 4441 scriptura
334 4364 460 4424 Cufitica
479 4365 544 4423 fieri
563 4383 623 4423 non
640 4355 850 4444 poterant.¹⁵⁰)
884 4363 990 4439 Itaque
1009 4363 1149 4421 universa
1168 4379 1257 4421 causa
1269 4359 1338 4418 illuc

172 4454 259 4533 redit,
277 4459 312 4513 ut
331 4473 519 4532 quaeramus
538 4474 619 4512 num
634 4454 786 4531 Kostam
800 4453 918 4512 Lucae
937 4452 1058 4510 filium
1078 4451 1187 4511 etium
1206 4451 1339 4509 Rhesos
