2744 5130
100 241 167 307 480
567 242 599 297 A.
618 241 801 297 Baumstarlr:

101 412 183 472 valet
208 412 245 470 ad
268 416 388 471 ventum
414 412 612 470 cohibendum
634 412 678 470 ita
700 430 737 469 ne
760 410 919 470 adsonem
938 409 1060 486 quidem
1079 412 1277 473 cohibendum

103 503 133 559 et
151 495 341 559 docendumf‘

191 588 274 648 Oonf.
294 590 371 650 Men.
389 588 447 666 frg.
463 591 541 665 5093
560 589 685 648 Philem.
704 589 761 665 lrg.
781 592 856 666 1473
875 590 1002 651 Monost.
1019 592 1093 651 104

192 679 243 738 47.
267 679 373 756 „Viam
397 697 467 739 7777
491 636 642 754 relinquas
667 678 728 736 et
720 699 751 736 77
771 697 870 737 errore
889 698 960 739 cave
979 681 1099 740 incedas
1121 681 1153 738 ot
1170 677 1208 737 ad
1225 678 1277 738 do·

101 788 183 826 murn
203 769 311 827 malam
332 758 388 847 (=
404 769 523 826 domurn
543 760 722 845 meretricis)
742 785 813 826 cave
832 763 910 827 77777

191 857 292 915 Verba
311 875 382 914 eran
383 857 504 932 tpatris
519 859 573 914 aut
587 856 757 932 paedagogi
771 856 988 917 adolescentem
1003 857 1128 916 hortun
1128 857 1162 916 is
1192 855 1276 920 0777,

104 946 201 1004 Plaut.
223 946 302 1003 Trin
319 948 420 1005 2767
436 964 472 1021 7.,
466 944 630 1003 ·Bacchid.
649 965 676 1004 v.
693 947 794 1004 1097
811 965 833 1004 s

190 1036 242 1094 48.
261 1034 348 1112 „Noli
363 990 486 1110 litigari,
501 1034 586 1093 nelis
597 1033 718 1104 oriatur,
735 1052 811 1110 quae
821 1038 851 1093 te
862 1036 900 1093 ad
910 1036 1122 1111 paupertatem
1132 1031 1268 1109 redigat

191 1125 242 1182 49.
267 1122 316 1200 „Si
334 1123 427 1182 fueris
446 1123 714 1199 fraudulentus‚st
714 1123 788 1181 atim
808 1122 1033 1184 contemneris.“

194 1214 245 1272 50.
269 1209 399 1288 ,,[777]
376 1231 402 1272 77
421 1213 619 1271 calumniatus
639 1213 707 1288 7777,
726 1216 889 1273 7777777777
907 1213 1011 1273 vultus
1030 1208 1130 1274 tuusf‘

193 1303 244 1361 51.
268 1299 318 1375 „Si
336 1301 484 1377 gloriosus
503 1300 636 1375 fueris‚t
623 1301 705 1359 tibi
697 1319 760 1376 rpse
779 1301 920 1360 iniuriam
939 1298 1058 1361 facies.“

196 1392 247 1450 52.
270 1389 320 1464 „Si
344 1389 517 1448 recubueris
536 1391 615 1448 inter
632 1390 757 1466 multos,
781 1409 817 1448 ne
837 1390 961 1449 solveris
981 1389 1145 1450 coram‘eis
1163 1408 1256 1448 marsu-

102 1480 184 1553 pium
208 1498 282 1538 neve
300 1479 337 1538 777
356 1478 522 1539 ostenderis
541 1479 584 1555 id,
609 1479 688 1554 quod
707 1482 806 1537 tecum
826 1480 931 1552 habes,
955 1499 993 1538 ne
1013 1499 1031 1538 7
1049 1482 1080 1538 77
1100 1482 1255 1539 mutuentur

103 1571 134 1626 et
157 1586 216 1625 non
239 1568 366 1626 reddant
389 1571 432 1642 77,
456 1587 524 1626 cum
546 1568 735 1642 reperireris,
758 1570 857 1626 tecum
882 1568 1036 1670 disputent
1060 1570 1146 1627 7777
1167 1569 1255 1626 durun

103 1649 160 1736 (=
173 1651 300 1736 πικρόν)
312 1657 464 1732 appellent
479 1659 510 1714 et
524 1658 578 1714 tua
591 1656 697 1730 perdas
713 1659 744 1713 et
753 1660 910 1732 praeterea
918 1677 972 1732 pro
982 1657 1100 1716 inimico
1111 1653 1248 1716 habearis‘
1248 1652 1261 1719 7]

193 1748 243 1805 53.
268 1745 359 1822 „Frat
346 1749 408 1803 tres
428 1749 495 1803 tuos
515 1764 582 1803 ama
601 1749 631 1803 77
646 1745 755 1804 amicos
770 1749 837 1805 tuos
852 1745 984 1820 pulchris
1000 1736 1254 1806 sermonibusadi“
1271 1799 1277 1803 .

193 1831 276 1893 Gonf.
295 1834 373 1892 Men.
392 1834 449 1909 frg.
465 1835 538 1893 809.

194 1924 244 1980 54.
268 1918 390 1998 „[Quia]
416 1923 664 1981 circumambulas
689 1915 747 2002 (=
762 1923 897 1998 quamvis
920 1925 1026 1999 procul
1049 1942 1099 1982 777
1124 1925 1161 1982 ed
1183 1941 1264 2005 quus·-

104 2005 243 2113 rendum)
273 2011 449 2086 etquuerie
477 2012 604 2086 aliquid,
633 2013 712 2086 quod
740 2012 886 2070 bonorum
909 2012 1038 2071 fratrum
1063 2012 1161 2072 simile
1182 2013 1217 2070 sit
1233 2011 1256 2068 77

105 2120 164 2158 777
181 2096 325 2159 77777777

195 2192 246 2249 55.
270 2189 372 2266 „Filiis
395 2189 457 2248 tuis
480 2192 566 2265 pater
588 2187 717 2264 gaudet“
737 2183 794 2270 (=
814 2193 847 2248 tn
867 2189 909 2248 777
928 2181 1121 2271 gaudes)-—
1138 2189 1277 2264 „Scilicet

104 2279 213 2354 gaudio
233 2235 311 2337 77777.
341 2277 454 2336 Verum
474 2278 533 2336 frat
521 2282 600 2336 trum
618 2279 715 2337 instar
732 2277 806 2336 mihi
824 2298 882 2338 non
902 2283 972 2338 sunt
959 2279 1118 2338 tfratrum
1138 2273 1254 2338 777777-
1223 2304 1260 2352 p

107 2368 236 2444 „Verum
260 2368 341 2427 filius
365 2370 435 2427 tuus
459 2386 514 2444 pro
537 2370 633 2426 moret
651 2371 705 2426 tua
723 2371 826 2442 procat
827 2389 875 2443 ur,
899 2368 979 2444 quod
997 2387 1014 2427 7
1031 2372 1129 2428 morte
1099 2370 1246 2427 77777
1211 2363 1255 2442 ipsi

105 2458 200 2517 honor
226 2457 344 2516 eveniet
368 2460 398 2515 et
420 2457 451 2514 in
470 2457 535 2515 loco
554 2460 606 2515 tuo
625 2456 769 2516 consistet
788 2460 819 2515 et
836 2476 889 2533 pro
910 2457 1060 2516 arbitratu
1080 2477 1134 2516 suo
1152 2455 1254 2532 pecnnia

103 2549 159 2605 tua
178 2549 291 2620 utetur,
310 2549 341 2604 77
359 2546 469 2604 fratres
484 2546 530 2605 tui
543 2563 597 2621 pro
612 2544 676 2606 vita
690 2550 744 2604 tua
758 2546 845 2604 deum
860 2550 1030 2623 precantur,
1048 2547 1121 2623 quia
1134 2543 1253 2624 quamdiu

105 2636 190 2711 vivis,
212 2635 270 2710 ipsi
288 2634 472 2694 honorantur
492 2637 523 2694 et
542 2638 639 2694 morte
657 2639 711 2693 tua
730 2635 902 2710 affligentur
921 2626 979 2716 (τ-
994 2654 1061 2694 cum
1080 2636 1187 2695 fratres
1203 2651 1254 2709 pre-

108 2716 228 2802 cantur)
249 2727 280 2782 et
298 2724 350 2782 filii
371 2724 416 2782 tui
435 2742 591 2799 perversos
611 2725 764 2799 appellant
781 2723 892 2783 fratres
912 2719 1007 2784 tuos.“
1030 2775 1032 2778 .

194 2811 276 2871 (lonf.
301 2812 419 2870 Terent.
444 2813 553 2889 Hecyr.
571 2833 597 2871 v.
619 2814 695 2889 5953
724 2813 851 2889 Adelph.
870 2832 897 2873 v.
914 2815 953 2872 87
958 2816 991 2889 43
1019 2813 1113 2874 Naar.
1135 2813 1190 2890 frg.
1207 2811 1255 2869 Tri·

106 2901 209 2976 beceli.
232 2931 270 2941 -
290 2901 424 2960 Duorum
444 2903 573 2961 fratrum
592 2903 701 2961 alterni
720 2921 870 2961 sermones
891 2905 975 2978 sunt,
995 2902 1106 2980 divitis,
1127 2903 1152 2961 si
1169 2918 1263 2962 vernn,

105 2989 207 3065 vidae,
227 2993 257 3048 77
275 2990 424 3064 pauperis.
462 2990 578 3065 Pauper
597 2991 719 3051 divitem
737 2992 861 3050 fratrem
882 2992 946 3050 adit
963 2992 1120 3066 pecuniam
1139 2983 1254 3051 mutuam

106 3080 143 3138 ab
167 3097 201 3138 7ο
226 3083 374 3154 precatus.
411 3078 467 3138 Hic
492 3080 630 3138 daturum
655 3099 686 3138 se
710 3099 775 3139 esse
794 3083 894 3156 negat.
931 3080 987 3139 Ille
1006 3083 1105 3141 acrius
1123 3082 1213 3140 instat
1228 3079 1255 3150 77,

106 3169 131 3227 77
151 3187 205 3227 777
223 3169 323 3244 gratia
343 3168 413 3226 dare
431 3168 520 3244 nolit,
540 3169 704 3227 liberorum
723 3188 844 3228 suorum
863 3170 965 3246 gratia
984 3171 1048 3245 det,
1070 3173 1218 3246 precetur,
1232 3167 1268 3223 77-

106 3259 157 3332 qui
176 3257 240 3332 ipse
258 3257 329 3316 filiis
348 3258 409 3316 suis
429 3258 568 3332 gaudeat.
602 3257 659 3316 Hic
678 3258 788 3317 habere
804 3278 835 3318 se
850 3259 1018 3335 respondet,
1038 3259 1117 3334 quod
1132 3260 1197 3318 filiis
1210 3253 1256 3316 7777

105 3347 248 3423 gaudeat,
278 3347 357 3423 quod
384 3347 485 3405 fratris
510 3347 640 3405 filiorum
664 3348 854 3423 misereatur,
880 3367 939 3406 non
964 3366 1036 3407 esse.
1076 3347 1141 3407 Iam
1164 3360 1257 3424 pauper

104 3435 193 3493 fratri
215 3435 365 3512 enuntiat,
392 3437 539 3513 quomodo
559 3435 678 3512 arihis,
704 3455 778 3512 quos
797 3436 875 3495 tanti
894 3436 1044 3510 aestimet,
1066 3437 1217 3508 illudatur,
1234 3432 1258 3490 77

106 3525 158 3600 qui
177 3528 303 3583 mortem
320 3525 416 3599 patris
435 3527 584 3600 exoptent.

195 3616 245 3673 56.
264 3613 393 3690 „Verum
413 3613 491 3673 filius
509 3614 606 3672 malus
628 3617 658 3672 ot
676 3616 786 3673 stultus
806 3616 879 3672 haec
898 3615 1018 3691 cogitet
1039 3615 1165 3675 7771777
1178 3614 1258 3672 mente

106 3702 170 3761 eius
195 3703 232 3760 de
254 3704 349 3778 petris
372 3705 468 3762 morte
487 3704 586 3780 opinio
604 3704 710 3762 haeret
729 3703 784 3762 et
777 3723 808 3778 7
790 3707 897 3762 onorat
916 3704 995 3762 filins
1014 3705 1125 3778 melus,
1149 3724 1173 3763 77
1165 3692 1277 3793 paeri

105 3794 239 3852 mortuus
264 3792 317 3869 777,
340 3792 417 3850 filios
441 3793 516 3851 7777
538 3810 598 3851 777
624 3791 709 3851 habit
696 3795 780 3851 turos
805 3812 881 3866 7777,
911 3795 988 3869 quod
1008 3794 1051 3852 eis
1071 3812 1132 3852 non
1152 3794 1201 3864 sit,
1223 3786 1277 3849 777

105 3887 170 3940 turn
189 3881 289 3956 capita
306 3877 478 3956 7777777777

195 3972 245 4029 57.
269 3971 365 4045 „Ama
383 3973 500 4046 patrem
521 3975 605 4029 tuum
625 3975 655 4029 et
674 3971 795 4047 honora,
815 3971 916 4047 quiat
903 3970 960 4030 tibi
979 3989 1010 4030 77
1029 3971 1128 4046 ipsum
1148 3972 1228 4030 dedit
1244 3967 1267 4028 ol

104 4079 179 4119 neve
198 4060 308 4120 amicos
326 4063 396 4119 tuos
416 4062 627 4136 contempseris
647 4079 722 4120 neve
741 4077 801 4132 777,
821 4060 920 4136 quite
942 4061 1176 4137 honoraverunt,
1195 4062 1270 4138 igno·

106 4150 197 4208 777777
216 4145 376 4209 77777777.77

194 4241 244 4298 58,
269 4236 354 4316 ,,[777]
367 4239 402 4316 77,
413 4239 464 4314 qui
475 4257 582 4314 panem
592 4241 690 4298 tecum
702 4239 764 4298 edit
775 4231 831 4320 (=
838 4230 973 4318 hospiti),
988 4259 1025 4298 ne
1038 4239 1202 4301 insidiatus
1212 4234 1274 4301 sis.“

195 4327 278 4388 Conf.
298 4329 423 4388 Monost.
440 4330 514 4400 390,
535 4328 606 4387 397.

195 4419 245 4477 59.
269 4417 412 4495 „Quando
438 4417 565 4475 amicum
587 4420 672 4475 tuum
691 4417 765 4491 adis,
787 4435 858 4476 num
878 4418 989 4477 amicus
1008 4420 1081 4478 tuus
1100 4421 1134 4479 77
1153 4425 1237 4482 amet
1254 4425 1277 4481 el
