2766 5130
425 264 646 321 Lucubrationca
665 264 880 334 Syro-Graecae.

506 539 622 616 Caput
640 540 798 599 tertium.
1010 588 1027 621 0

328 704 375 772 Ile
395 701 598 789 fragmentis
617 700 790 773 Menandri
810 701 972 790 Syriacis.

92 860 173 919 158.
194 861 297 921 15551
315 882 343 936 p.
360 863 422 921 156
441 881 463 921 5.
479 881 511 936 5.,
533 861 595 919 188
611 879 634 919 5.
649 879 671 918 s.
692 855 776 942 (libri
796 860 903 920 Latine
922 853 1053 938 scripti);
1072 882 1100 937 p.
1120 863 1162 920 64
1177 880 1200 922 s.
1216 880 1238 921 5.

136 942 247 1031 (textus
273 942 411 1031 Syriaci).
448 951 471 1011 Ι.
496 949 524 1008 S.
547 969 575 1024 p.
595 952 638 1010 80
652 968 674 1008 s.
690 968 711 1010 s.
755 948 942 1010 Samicorum
963 950 1134 1010 Atticorum
1161 951 1240 1026 frag-

134 1044 233 1098 menta
248 1039 342 1097 edidit
357 1039 410 1099 Th.
425 1039 517 1098 chlr.
545 1039 603 1098 vol.
618 1037 657 1113 II,
673 1038 726 1097 III.
748 1039 870 1114 Lipsiae
886 1040 1069 1099 1884-88.
1097 1039 1131 1098 T.
1146 1039 1241 1099 Macci

134 1128 231 1186 Plauti
259 1128 428 1187 comoediae
450 1128 600 1187 recensuit
623 1127 653 1186 F.
674 1127 853 1186 Ritscbclius
878 1128 966 1188 sociis
992 1146 1100 1204 operae
1123 1128 1241 1187 adsum-

133 1218 190 1291 ptis
214 1216 321 1293 dee,
345 1215 434 1293 (1615,
458 1216 566 1276 Schdll.
613 1215 646 1273 P.
666 1216 786 1274 Terenti
810 1215 878 1275 Afri
901 1216 1069 1277 comoediae
1091 1218 1241 1276 recensuit

135 1305 161 1365 0.
185 1305 337 1366 Daiatzlrc.
384 1305 502 1380 Lipsiae
525 1306 619 1365 1884.
672 1303 857 1364 Comiccrum
888 1305 1090 1366 Romanorum
1121 1309 1242 1382 practer
1328 1315 1343 1329 ”

135 1395 272 1542 {lautum
297 1399 327 1453 et
351 1394 524 1454 Terentium
547 1395 717 1470 fragmenta
741 1395 859 1454 secund.
884 1414 946 1453 cur.
968 1414 1026 1454 rec.
1046 1393 1080 1455 Ο.
1100 1395 1240 1477 Ribbeck.

158 1484 255 1558 ipsiae
276 1485 369 1543 1873.

159 1590 447 1663 Sententiarum,
472 1608 548 1665 quae
571 1588 709 1647 feruntur
733 1589 932 1664 Menandri,
960 1590 1027 1649 duo
1052 1590 1241 1668 florilegia

87 1675 195 1752 Syriaca
215 1682 347 1738 aetatem
365 1679 509 1738 tulerunt.
541 1679 689 1755 Alterum,
709 1678 855 1755 copiosius
873 1679 948 1737 illud
967 1678 1088 1755 quidem
1101 1680 1242 1739 multost

86 1769 222 1844 antiquius
237 1768 487 1844 manuscriptum
502 1770 601 1826 exstat
618 1768 654 1825 in
674 1767 794 1826 codice
808 1786 894 1827 mus.
908 1768 997 1827 Brit.
1012 1786 1046 1827 ec
1061 1768 1240 1844 antiquis-

86 1856 174 1933 simo,
199 1857 251 1932 qui
274 1860 305 1915 51
328 1857 492 1931 compluria
511 1856 622 1932 scripta
641 1855 737 1932 Sergii
756 1856 944 1916 Resainansis
970 1857 1088 1935 aliaque
1111 1857 1244 1917 55511551
1291 1893 1294 1900 .

88 1945 171 2016 prisca
189 1947 359 2004 litterarum
379 1946 569 2021 Syriaearum
592 1949 785 2004 monumenta
809 1947 893 2006 velut
912 1945 1044 2022 Philippi
1061 1946 1242 2006 Bardcsanis

89 2031 214 2111 discipuli
231 2035 343 2094 librum
358 2035 393 2093 de
408 2035 527 2111 legibus
542 2034 707 2110 regionum,
725 2033 878 2094 Ambrosii
891 2035 1141 2111 Hypomnemata,
1159 2035 1243 2094 Meli-

88 2122 152 2182 tcnis
167 2125 204 2183 de
218 2123 347 2184 veritate
356 2123 468 2182 librum
482 2122 658 2182 aOuretcno
667 2123 697 2181 in
709 2122 869 2199 Spicilegio
880 2123 1001 2201 Syriaco
1013 2116 1122 2206 (Lond.
1134 2116 1243 2200 1855),

90 2209 240 2288 dialogum,
266 2212 315 2271 cui
332 2212 504 2272 inscribitur
523 2212 660 2271 Socrates
684 2212 747 2272 sive
771 2213 807 2271 de
830 2213 942 2284 anima,
965 2212 1157 2289 Pythagorae
1177 2233 1242 2272 555-

89 2299 182 2361 1551155
207 2321 226 2359 5
244 2301 394 2377 Lagardic
418 2303 449 2360 in
468 2301 622 2360 Analectis
646 2301 739 2375 edita,
764 2301 972 2378 51114658,
996 2302 1130 2360 editum
1156 2305 1201 2360 est
1225 2321 1243 2361 a

89 2384 209 2449 Laudic
234 2392 294 2448 An.
314 2389 343 2449 S.
365 2391 470 2450 tomi
493 2410 520 2464 p.
542 2393 584 2451 64
599 2408 622 2449 5.
642 2408 663 2449 s.
700 2390 837 2449 Alterum
867 2391 1012 2450 insertum
1040 2393 1086 2450 551
1114 2390 1242 2448 1155115

90 2477 308 2538 miscellaneo
326 2479 452 2539 155511.
472 2498 556 2538 mus.
576 2479 664 2537 Brit.
682 2479 747 2537 add.
770 2481 877 2539 14614
902 2473 975 2560 (fol.
996 2471 1242 2560 1145-1171)

92 2571 227 2627 servato.
266 2566 365 2627 Codex
384 2571 431 2627 551
454 2569 566 2628 5555511
585 2568 690 2628 octavi.
727 2567 843 2627 Libello
862 2568 1040 2643 inscriptum
1059 2570 1118 2628 est:
1142 2567 1243 2642 „Sen-

92 2655 214 2738 tentiae
234 2658 390 2716 selectae
410 2657 708 2733 pbilosophcrum
734 2656 774 2714 de
797 2657 1003 2717 rationibus
1023 2657 1243 2732 disciplinae

92 2740 250 2806 moralis.“
296 2746 431 2805 Titulum
457 2746 607 2822 excipiunt
634 2745 800 2805 sententiae
828 2765 864 2804 ex
886 2746 1021 2806 versione
1044 2746 1242 2805 Demcniceae

91 2834 215 2894 orationis
241 2833 388 2911 Sergiano
411 2839 573 2910 excerptae.
612 2833 783 2911 Sequuntur
805 2834 856 2894 fol.
879 2838 966 2895 1165
991 2836 1156 2895 5551551155
1180 2834 1242 2894 Μ5-

90 2923 184 2982 uandri.
214 2923 330 2994 Quibus
343 2923 565 3001 subiunguntur
574 2924 625 2982 fol.
638 2926 725 2983 1175
739 2923 921 2983 incertorum
932 2925 1119 3001 quorundam
1129 2925 1243 3000 sapien·

90 3008 149 3068 tium
166 3016 328 3089 praecepta
346 3032 364 3072 a
382 3013 570 3071 Menandreis
594 3032 647 3087 per
667 3013 758 3072 verba
776 3015 961 3091 „sententiae
981 3009 1178 3088 sapientium“
1198 3031 1242 3071 se·

91 3102 165 3159 creta.
202 3102 313 3178 Typis
334 3105 520 3161 exaratum
541 3102 663 3161 resectis
682 3102 737 3177 515,
762 3122 837 3180 quae
857 3122 892 3161 ex
911 3103 1045 3161 oratione
1064 3102 1243 3162 Demonieea

90 3194 194 3265 sumpta
213 3193 292 3266 sunt,
311 3191 448 3250 libellum
468 3190 662 3251 Sacharius
682 3191 802 3251 edidit
819 3191 842 3250 I.
862 3190 890 3250 S.
910 3211 938 3266 p.
954 3193 996 3251 80
1007 3209 1029 3250 s.
1044 3210 1066 3251 s.

162 3280 260 3356 Atque
275 3279 435 3338 Landius
449 3280 568 3357 quidem
584 3280 678 3355 prius,
697 3280 775 3356 quod
791 3279 966 3356 significavi,
981 3278 1161 3356 florilegium
1176 3298 1243 3338 cum

87 3366 185 3447 ederet,
210 3373 240 3427 51
262 3369 467 3428 versionem
486 3369 649 3428 Latinam
674 3368 823 3444 integram
843 3369 952 3428 adiecit
975 3371 1004 3428 51
1024 3369 1065 3426 de
1084 3369 1243 3427 auctori·

86 3455 149 3515 tate
167 3458 431 3517 sententiarum
447 3459 574 3517 istarum
587 3456 690 3533 paucis
710 3458 926 3533 disputavit.
960 3456 1019 3517 Sed
1032 3476 1130 3533 neque
1144 3458 1242 3517 versic

86 3541 180 3605 Latina
199 3547 273 3605 satis
293 3550 380 3605 caute
403 3549 456 3605 aut
475 3549 612 3607 accurate
630 3546 711 3606 facta
729 3550 776 3606 551
798 3566 895 3623 neque
919 3547 955 3606 de
973 3547 1107 3623 ipsarum
1126 3549 1243 3606 senten-

86 3633 185 3694 tiarum
203 3636 313 3712 indole,
332 3636 454 3712 origine,
473 3655 530 3695 usu
544 3637 632 3711 plane
646 3655 750 3695 verum
765 3635 884 3694 videtur
902 3637 977 3694 mibi
995 3637 1041 3695 vir
1055 3635 1244 3695 doctissimus

86 3729 227 3784 assecutus
248 3743 319 3783 5555.
357 3724 492 3782 Primum
511 3725 748 3784 coniunctionum
769 3724 973 3802 Syriacarum‚
993 3743 1066 3801 quas
1086 3726 1245 3784 accuratis-

86 3813 148 3873 sime
168 3814 301 3872 Landius
320 3814 454 3872 imitatus
474 3816 528 3889 551,
547 3814 630 3872 55115
649 3814 767 3873 omnino
787 3817 832 3872 est
851 3814 1022 3873 auctoritas.
1056 3811 1135 3872 Cave
1153 3817 1242 3888 putes

86 3921 120 3979 ea,
144 3921 222 3980 quae
246 3902 282 3961 de
302 3902 428 3979 singulis
451 3903 532 3962 ritae
556 3903 775 3962 condicionibus
798 3903 829 3961 in
853 3903 998 3978 florilegio
1018 3902 1139 3979 Syriaco
1164 3921 1244 3961 ccm-

86 3994 167 4052 155115
182 3997 213 4050 51
228 3991 482 4062 555155511551155
497 3993 582 4068 quasi
596 3991 627 4049 in
641 3994 817 4068 perpetuam
832 3992 996 4051 orationem
1011 3993 1150 4065 copulata
1164 3993 1243 4066 5551,

87 4084 188 4142 errato
214 4081 316 4139 ordine
340 4082 517 4156 exemplaris
538 4080 642 4140 Gracci
664 4080 723 4156 ipsi
748 4081 895 4157 propositi
913 4081 1072 4155 diligenter
1095 4080 1133 4138 ab
1152 4080 1243 4139 inter·

86 4176 154 4231 rete
175 4171 251 4246 Syro
270 4171 419 4229 translata
438 4189 509 4229 esse.
547 4169 681 4228 Plurima
700 4173 779 4246 sunt,
798 4188 874 4246 quac
893 4170 1091 4228 miserrimam
1110 4168 1243 4228 efficiant

86 4261 205 4320 iusdem
225 4259 391 4318 sententiae
409 4250 668 4340 iterationem⁸⁸⁰),
688 4262 741 4317 aut
755 4259 837 4318 nullo
853 4257 1018 4317 5551551155
1037 4275 1108 4318 vero
1123 4258 1242 4317 vinculo

86 4339 347 4428 55115555151881)
380 4348 473 4407 Porro
489 4338 688 4430 diversae⁸⁸²)
703 4351 792 4424 atquc
807 4348 897 4407 etiam
913 4347 992 4406 inter
1005 4363 1037 4407 se
1054 4348 1138 4406 15155
1154 4366 1243 4423 oppo-

87 4430 589 4531 155883)5551551155155855155,
613 4437 683 4512 quia
706 4440 759 4496 aut
782 4439 819 4496 dc
842 4436 946 4496 cadem
970 4455 1003 4495 re
1022 4439 1092 4496 5551
1115 4439 1168 4495 551
1191 4436 1244 4495 511-
