2736 5130
450 248 668 305 Lucubrationes
688 248 902 319 Syro-Graecae.
975 229 977 234 Ι
1192 249 1258 313 463

171 419 233 478 XII
244 420 367 492 42537
383 418 431 476 PS
446 418 495 479 θεῖ
510 413 610 493 μόνον
629 418 737 495 reliqui
752 418 812 477 lbb.
823 416 888 477 Grr.
905 413 1005 492 μόνον
1020 419 1129 478 omisso
1144 411 1261 501 heim),

173 507 263 567 XXII
278 509 352 584 428,
369 510 408 566 12
429 507 479 566 PS
498 506 651 583 διαβολὴν
671 508 779 584 reliqui
798 508 858 567 lbb.
878 506 945 568 Grr.
965 499 1208 589 tursoulquil),

95 597 180 656 semel
199 616 268 656 cum
287 596 452 657 Gorlicensi
471 596 499 655 A

173 685 258 744 XXX
268 687 343 762 429,
354 688 395 745 33
411 685 464 744 AS
480 683 538 760 χρὴ
553 686 659 745 ποιεῖν
678 686 784 762 reliqui
800 685 860 744 lbb.
872 685 937 745 Grr.
955 682 1013 760 χρὴ
1027 681 1077 745 καὶ
1088 685 1192 745 ποιεῖν
1199 677 1261 764 ⁷³⁰),

96 777 123 832 et
138 795 205 834 eum
223 774 394 834 Monacensi
412 773 437 833 P
455 779 547 850 etque
566 773 804 850 Guelferbytano
824 774 847 832 F

175 863 324 938 X11425,
340 865 381 923 28
398 882 458 924 aa.
484 863 563 921 PFS
587 862 774 936 κακουργῶν
796 895 833 903 -
857 893 898 904 -—
918 895 958 904 —
980 861 1261 936 πολυπραγμονῶν

99 953 195 1030 reliqui
213 953 275 1011 lbb.
295 952 362 1010 Grr.
383 951 615 1026 κακουργεῖ-
634 983 677 992 -
696 982 738 992 -
758 943 1085 1031 ucluupuruoretflffl)

176 1041 299 1119 Aliquid
317 1041 443 1116 denique
462 1041 536 1119 eius,
555 1059 632 1116 quae
651 1045 717 1100 erat
734 1043 765 1099 in
781 1041 809 1115 S,
828 1043 993 1116 scripturae
1013 1044 1151 1116 praetera
1170 1042 1261 1101 semel

104 1128 207 1190 duravit
225 1133 257 1188 in
276 1129 398 1189 ADFG

176 1219 247 1278 XXI
265 1220 397 1295 430,14
425 1218 546 1277 ADFG
574 1215 683 1293 ἥκιετα
710 1212 833 1295 ἄδικον,
870 1218 890 1276 S
918 1214 1026 1292 ἥκιετα
1054 1212 1181 1278 ἔνδικον
1206 1212 1262 1298 (ita

105 1309 252 1451 {unigena
283 1326 318 1366 ex
345 1302 478 1368 ἐνδίκων
501 1308 576 1367 conf.
601 1329 630 1384 p.
649 1299 729 1389 455)
766 1308 873 1384 reliqui
896 1307 957 1366 lbb.
982 1305 1047 1365 Grr.
1072 1302 1133 1381 οὐχ
1155 1304 1262 1381 ἥκιετα

121 1389 246 1457 δικον.732

177 1390 272 1561 Atqdi
293 1485 378 1544 libris
398 1485 487 1546 DGP
505 1487 536 1544 in
554 1486 619 1561 ipso
638 1485 675 1543 de
694 1484 843 1543 calumnia
860 1484 963 1542 libello
983 1503 998 1542 e
1017 1482 1145 1560 familia,
1170 1503 1259 1559 quam

104 1575 258 1648 ¹constituit,
281 1575 380 1650 priore
403 1574 515 1650 aliquid
537 1575 698 1632 admistum
722 1591 787 1633 ease
806 1573 1013 1633 Rothsteinius
1032 1574 1125 1632 docet.
1163 1571 1259 1631 Gorli-

105 1663 188 1723 censis
207 1667 320 1741 autem,
339 1667 375 1724 ut
392 1665 423 1722 in
442 1664 552 1722 libellis
566 1663 635 1721 inde
649 1681 668 1721 a
683 1663 804 1722 Timone
819 1663 965 1737 usquead
980 1661 1162 1719 Piscatorem
1175 1663 1259 1720 totus

100 1745 171 1811 illius
194 1753 328 1812 familiae
353 1757 410 1828 est,
434 1754 479 1811 ita
500 1754 531 1810 in
555 1752 622 1810 aliis
646 1770 763 1828 quoque
783 1751 893 1810 libellis
912 1750 980 1809 inde
999 1750 1100 1826 eliqua
1118 1770 1154 1809 ex
1172 1753 1259 1826 parte

100 1838 209 1900 ridetur
237 1842 372 1917 pendere.
417 1841 552 1917 Denique
579 1860 616 1899 ne
644 1841 676 1898 in
702 1840 825 1900 libroF
854 1839 973 1915 quidem
1000 1856 1123 1914 prorsus
1151 1840 1260 1897 desunt

97 1929 195 1998 prioris
223 1930 355 1989 familiae
385 1931 519 2007 vestigia
566 1929 751 2006 Suspicari
779 1929 873 2005 igitur
901 1930 988 1987 licat
1013 1928 1259 2004 apographum

97 2012 301 2095 sergianum
328 2020 446 2079 artius
471 2021 663 2079 cohaerere
688 2037 763 2076 cum
787 2019 909 2092 priore
934 2016 1076 2076 familia
1098 2018 1259 2076 codicum

96 2100 315 2168 Lucianeorum.
351 2108 385 2167 Id
405 2110 482 2185 quod
502 2108 527 2167 si
547 2107 664 2184 quando
683 2105 815 2182 potuerit
828 2109 910 2165 certo
925 2105 1132 2178 demonstrari,
1152 2107 1258 2164 mirum

95 2201 232 2268 quantum
252 2199 424 2257 auctoritati
443 2197 551 2273 prioris
570 2195 702 2254 familiae
721 2196 941 2254 firmamentum
960 2193 1207 2269 suppeditabitur.

175 2285 330 2346 Postremo
355 2286 487 2345 breviter
510 2286 666 2344 dicendum
689 2289 736 2344 est
758 2285 799 2342 de
822 2285 982 2359 capitum
1005 2283 1141 2356 ordine,
1170 2302 1257 2358 quern

95 2367 242 2434 Bekkerus
270 2377 383 2434 temere
411 2375 548 2435 tentavit.
590 2373 674 2443 Quod
703 2374 780 2432 enim
805 2373 961 2432 Bekkerus
989 2375 1139 2445 numerat,
1170 2375 1260 2447 caput

94 2460 262 2524 vicesimum
280 2465 441 2540 septimum
459 2464 491 2522 iu
511 2463 662 2536 omnibus,
684 2463 735 2539 qui
753 2463 850 2522 adhuc
869 2460 1031 2521 examinati
1050 2463 1131 2535 sunt,
1151 2460 1256 2518 codici-

94 2544 147 2611 bus
169 2551 289 2613 Graecis
316 2557 387 2629 post
414 2556 504 2629 caput
530 2551 793 2612 undetricesimum
818 2550 948 2609 Bekkeri
977 2550 1121 2624 scriptum
1151 2550 1217 2608 exst
1237 2549 1258 2606 t.

94 2636 182 2716 Atqui
200 2643 297 2702 versio
313 2641 437 2719 Syriaca
455 2643 491 2701 de
511 2642 613 2702 ordine
632 2641 763 2717 capitum
781 2641 903 2700 illorum
921 2640 1010 2717 plane
1025 2657 1092 2697 cum
1106 2637 1257 2697 codicibus

96 2723 211 2790 Graecis
230 2733 375 2790 convenit.
412 2731 487 2789 Mihi
506 2732 684 2791 auctoritate
703 2730 870 2807 apographi
889 2728 1024 2806 Sergieni
1039 2728 1175 2804 quaestio
1190 2745 1257 2803 pro·

94 2813 193 2894 fligata
212 2839 276 2881 esse
296 2820 423 2880 videtur.
461 2821 564 2897 Neque
584 2820 671 2895 enim,
691 2839 757 2878 mea
775 2819 893 2895 quidem
913 2817 1070 2894 sententia,
1088 2835 1142 2892 per
1160 2834 1192 2875 se
1207 2816 1258 2875 ad-

94 2907 209 2967 modum
227 2911 292 2969 veri
307 2910 403 2969 simile
419 2911 465 2968 est
479 2910 538 2968 iam
553 2909 670 2968 saeculo
684 2929 712 2984 p.
728 2906 781 2967 Oh.
796 2927 824 2966 n.
839 2907 943 2985 quinto
957 2908 989 2966 in
1003 2906 1120 2983 scriptis
1135 2903 1259 2963 Luciani

94 2993 219 3057 terram
239 2999 372 3075 capitum
392 2999 524 3059 ordinem
544 2999 699 3057 turbatum
718 2997 819 3056 fuisse.
851 2996 985 3073 Accedit,
1003 2999 1037 3054 ut
1055 2994 1258 3067 difficultates

94 3077 241 3161 inquibus
253 3087 418 3164 Bethoron,
432 3088 564 3147 haesisse
580 3088 708 3162 videtur,
723 3087 893 3146 testimonio
904 3084 1002 3161 Sergii
1017 3084 1258 3143 submoveantur.

94 3165 338 3235 Proficiscandum
358 3180 404 3236 est
422 3177 460 3235 ab
481 3177 620 3236 extremis
636 3176 742 3251 cepitis
758 3175 988 3248 undetricesimi,
1008 3171 1087 3249 quod
1101 3172 1257 3230 Bekkerus

94 3268 238 3337 numeret,
265 3266 378 3325 verbis:
412 3261 515 3324 οὕτω(
548 3260 691 3339 ἔμφυτον
720 3259 834 3324 drocis
863 3257 1044 3336 ἀνθρώπω(
1071 3257 1091 3334 ἡ
1118 3256 1192 3334 περὶ
1218 3255 1259 3318 τὰ

94 3353 220 3412 τοιαῦτα
242 3348 386 3427 ἁμαρτία.
423 3353 505 3423 Quae
529 3354 663 3414 clausula
683 3358 788 3432 aptum
807 3354 906 3413 locum
924 3351 1043 3410 videtur
1061 3350 1172 3408 habere
1190 3367 1258 3425 pro·

95 3434 160 3500 latis
191 3443 342 3519 omnibus,
375 3443 482 3520 quibus
515 3447 676 3519 praecepta
706 3461 759 3502 sua
787 3443 961 3501 confirmare
990 3440 1118 3515 scriptor
1146 3438 1258 3513 studet,

95 3531 238 3606 exemplis.
281 3531 368 3591 Unde
394 3533 499 3592 merito
525 3533 689 3607 permirum
713 3531 852 3591 videatur
876 3534 946 3606 post
972 3549 1007 3588 aa
1031 3530 1124 3589 verba
1150 3545 1258 3586 novam

95 3613 216 3695 incipere
235 3639 254 3678 a
271 3614 388 3680 nomine
408 3621 537 3682 Socratis
557 3621 760 3698 exemplorum
779 3621 895 3680 seriem.
932 3618 990 3678 Sed
1008 3618 1114 3694 verba,
1141 3616 1258 3692 quibus,

96 3707 160 3781 quid
179 3729 213 3769 ex
233 3709 332 3769 allatis
353 3711 494 3786 exemplis
514 3710 589 3770 disci
601 3710 706 3786 possit,
726 3712 843 3768 tantum
857 3728 917 3768 non
930 3708 1075 3783 puerilem
1089 3707 1120 3764 in
1134 3706 1258 3765 modum

96 3799 358 3877 comprehenditur,
378 3799 438 3857 iam
457 3799 623 3875 significavi
642 3800 679 3858 ab
697 3799 870 3874 apographo
884 3796 1028 3871 Sergiano
1044 3796 1141 3854 aliena
1154 3794 1256 3853 fuisse.

96 3879 181 3945 Porro
200 3891 320 3947 servata
339 3888 370 3946 in
391 3888 584 3965 sequentibus
603 3887 737 3947 codicum
752 3886 933 3946 Graecorum
948 3885 1097 3960 scriptura
1116 3883 1257 3957 Socratis,

96 3970 241 4051 Miltiadis,
256 3976 464 4036 Themistoclis
480 3977 615 4053 exempta
629 3977 729 4036 afferri
743 3976 891 4054 videntur,
906 3976 1013 4051 quibus
1028 3991 1119 4049 quam
1129 3972 1257 4030 maxime

96 4061 255 4124 inculcetur
273 4084 346 4142 esse,
366 4085 432 4125 oum
452 4086 489 4125 no
506 4067 687 4125 iustissimus
706 4065 826 4140 quidem
843 4084 861 4123 a
878 4062 1084 4125 calumniando
1100 4062 1257 4121 abstineat.

96 4151 132 4211 At
149 4154 225 4213 illud
245 4156 387 4230 exemplis
405 4155 472 4214 istis
492 4155 610 4214 omnino
629 4155 749 4229 probari
768 4153 882 4230 nequit.
919 4151 1031 4212 Contra
1050 4152 1075 4210 si
1094 4169 1161 4209 cum
1181 4149 1256 4225 Syro

93 4241 215 4319 legimus
234 4238 264 4302 τί
283 4239 343 4317 γὰρ
363 4237 467 4304 ἄντι(
486 4239 544 4303 τὸν
563 4237 732 4316 (ωκράτην
751 4240 848 4317 λέγοι,
867 4240 1088 4318 praeteritionis
1107 4240 1257 4298 schemate

93 4350 158 4393 usus
189 4334 318 4409 scriptor
346 4333 511 4407 Socratem,
544 4332 721 4405 Miltiadem,
755 4331 986 4390 Themistoclem
1014 4330 1111 4390 obiter
1138 4330 1256 4387 tantum

93 4425 309 4497 commemorat,
328 4425 364 4481 ut
381 4420 583 4482 celeberrimis
603 4421 722 4480 illorum
742 4421 884 4496 exemplis
904 4419 941 4477 ad
960 4418 1161 4480 confirmanda
1173 4435 1257 4493 prae·
