2744 5130
97 218 163 283 456
568 216 602 270 Δ.
617 215 792 271 Baumatark:

102 385 226 462 κοήθειι
251 381 341 446 αὐτοὶ
371 380 582 460 ἁρμοζόμενοι
610 380 811 458 εὐιτοχοῦειν
848 384 868 442 S
894 381 945 444 καὶ
969 382 1020 446 διὰ
1044 385 1146 445 τοῦτο
1172 381 1274 446 εὐετο-

102 468 280 552 χοῦεινθόῧ),

189 563 288 622 XXIV
309 566 382 640 429,
405 566 423 622 2
443 564 504 623 lbb.
523 562 588 621 Grr.
607 559 666 635 τὴν
685 558 766 636 πρὸ(
784 559 859 621 roric
878 557 1056 623 ἀκούονται
1076 559 1210 624 εὐναίαν
1228 561 1272 637 ἐμ·

103 654 203 729 φῆναι
218 649 465 726 προαιρούμενοι
493 651 513 709 S
532 649 590 725 τήν
609 647 690 725 πρὸ(
708 648 783 710 τοὺ(
804 645 981 711 ἀκούοντα(
1001 647 1134 712 εὐναίαν
1151 651 1271 712 κτάεθαι

101 735 167 825 (vel
187 742 283 801 simile
303 732 431 820 aliquid)
450 731 765 818 upeurpodpever.⁶44)

89 896 91 900 4
192 830 326 905 Utroque
349 830 413 889 loce
436 833 561 905 apparet
583 829 719 888 versione
739 829 863 906 Syriaca
886 829 1079 889 subditicium
1103 849 1269 906 expressum

104 939 177 993 esse,
192 938 249 995 quo
264 919 441 994 interposito
456 919 563 993 aliquis
574 918 711 976 lacunam
726 921 881 978 contextus
896 937 1002 995 parurn
1013 919 1144 978 feliciter
1153 923 1267 980 conatus

107 1012 188 1068 esset
207 1008 334 1084 explere.
366 1007 430 1065 Iam
445 1006 581 1081 quaestio
596 1007 737 1084 exoritur,
756 1007 880 1066 lacunae
899 1006 977 1067 istae
995 1012 1099 1067 utrum
1118 1010 1179 1068 iam
1196 1011 1224 1067 in
1238 1028 1268 1068 eo

105 1099 249 1174 example,
269 1097 305 1156 de
323 1115 381 1171 quo
401 1095 421 1154 S
440 1097 654 1172 transscriptus
674 1099 729 1173 est,
747 1100 810 1154 tam
823 1098 931 1156 misere
947 1097 1083 1172 expletae
1098 1098 1218 1176 fuerint,
1234 1117 1270 1156 an

104 1185 249 1246 resarcire
268 1188 439 1245 contextum
458 1185 489 1242 in
508 1185 642 1260 exemplo
666 1185 722 1243 sibi
745 1186 899 1261 proposito
918 1185 1092 1245 lacunosum
1111 1187 1268 1246 exhibitum

104 1277 139 1351 is,
163 1275 214 1350 qui
231 1275 341 1333 librum
357 1274 376 1331 S
395 1273 538 1346 exaravit
558 1274 671 1349 primus
692 1276 816 1333 conatus
834 1275 883 1334 sit.
916 1273 998 1344 Quae
1017 1293 1199 1352 quamquam
1211 1295 1270 1351 pre-

105 1363 204 1440 fligari
218 1364 268 1423 vix
282 1366 391 1440 petest,
408 1367 509 1421 tamen
524 1362 660 1437 equidem
675 1361 771 1422 multo
786 1363 960 1439 propensior
975 1382 1010 1424 eo
1025 1382 1101 1442 sum,
1116 1367 1153 1424 ut
1165 1364 1269 1424 inserta

107 1453 161 1511 illa
175 1453 212 1511 ab
228 1471 271 1526 co,
287 1453 337 1529 qui
352 1451 560 1530 apographum
570 1450 748 1528 Sergianum
764 1451 891 1527 scripsit,
905 1454 1076 1529 excogitata
1089 1471 1157 1512 esse
1166 1456 1268 1529 putam.

108 1542 185 1601 Tota
204 1541 282 1599 enim
301 1540 412 1600 saeculi
432 1540 528 1615 quinti
549 1541 661 1599 sextive
680 1541 857 1616 languorem
875 1541 1020 1600 redolent.

196 1629 343 1689 Converte
362 1648 410 1688 me
429 1628 467 1687 ad
486 1648 522 1688 ea
540 1628 656 1704 menda,
674 1648 750 1704 quae
769 1631 836 1688 tota
853 1629 888 1702 is,
908 1631 959 1705 qui
973 1632 1083 1690 librum
1099 1631 1120 1689 S
1136 1632 1269 1707 exaravit,

104 1719 141 1778 de
166 1719 301 1793 exemplo
328 1736 380 1776 suo
404 1717 643 1793 transsumpsisse
669 1718 795 1777 videtur.
832 1719 933 1795 Atque
956 1720 1032 1778 duae
1057 1719 1178 1796 quidem
1199 1720 1269 1779 inter

105 1810 224 1867 veteres
243 1807 311 1865 illae
332 1805 517 1883 corruptelas
536 1812 618 1879 sunt,
643 1826 718 1882 quae
741 1807 821 1866 inter
844 1808 1012 1883 exemplum
1030 1806 1107 1867 illud
1132 1812 1162 1869 et
1179 1809 1268 1868 arche

107 1900 214 1973 typum
235 1895 392 1964 librorum,
417 1895 468 1969 qui
491 1895 588 1953 adhue
611 1895 774 1954 examinati
798 1900 880 1974 aunt,
904 1896 1085 1957 Graecorum
1107 1897 1267 1958 convenisse

105 1984 258 2044 videntur:

195 2071 270 2131 XIII
289 2075 362 2145 425,
384 2073 425 2132 38
440 2092 463 2131 s.
481 2072 542 2133 lbb.
561 2071 627 2132 Grr.
646 2066 717 2132 ἀλλ’
736 2070 771 2133 ἐν
790 2069 895 2152 τούτῳ
919 2070 956 2133 τὸ
980 2074 1044 2134 πᾶν
1069 2069 1178 2136 αὐτοῑι
1195 2071 1265 2134 {cciv

106 2157 219 2236 ἔργον,
245 2155 399 2220 οεοοικόιι
419 2178 447 2219 τι
471 2157 634 2235 προεάψαι
658 2156 791 2239 ἀπῳδὸν
815 2159 892 2237 μηδὲ
916 2157 1088 2238 ἀλλότριον
1107 2155 1197 2245 (unua
1213 2165 1264 2223 ced.

104 2251 221 2311 Yeerr.
241 2248 260 2324 ἢ
280 2246 330 2309 καὶ
348 2242 496 2329 ἀπῳδόν)
528 2250 548 2308 S
569 2243 640 2308 ἀλλ’
654 2246 689 2309 ἐν
707 2247 813 2329 τούτῳ
831 2247 869 2311 τὸ
884 2251 948 2312 πᾶν
963 2247 1073 2312 αὐτοῖς
1087 2249 1170 2314 {criu
1184 2249 1264 2327 ἔργον

106 2337 146 2413 μή
167 2356 197 2398 τι
216 2334 380 2414 προιάψαι
399 2334 532 2417 ἀπῳδὸν
556 2335 634 2413 μηδὲ
654 2332 834 2413 ἀλλότριον.
871 2341 989 2400 Neutra
1007 2343 1156 2418 scriptura
1172 2344 1262 2418 placet.
1286 2400 1289 2423 ¹

106 2428 164 2487 Sed
189 2432 386 2488 correctorem
404 2428 545 2504 Aldinae,
568 2447 655 2504 quem
681 2447 782 2487 omnes
807 2429 934 2488 editores
954 2431 1048 2489 secuti
1068 2435 1151 2506 eunt,
1174 2449 1261 2491 veron
1279 2432 1289 2507 f

106 2535 165 2575 non
192 2517 340 2576 invenisse
365 2537 400 2576 ex
418 2517 555 2576 versione
575 2517 698 2593 Syriaca
716 2523 876 2593 comparet.
914 2518 1003 2577 Sedes
1027 2519 1211 2595 corruptelae
1226 2520 1260 2578 est

107 2610 177 2682 pest
204 2600 309 2679 ἔργον.
346 2606 393 2666 Ibi
417 2606 584 2681 antiquitus
613 2605 732 2664 videtur
759 2606 867 2666 lacuna
894 2607 999 2681 fuisse,
1027 2627 1107 2683 quae
1135 2607 1260 2668 aliterir

108 2695 270 2772 archetypo
288 2695 433 2754 librorum
454 2694 648 2775 Graecorum,
672 2695 762 2767 aliter
783 2695 815 2755 in
839 2697 986 2774 exemplo,
1010 2698 1046 2756 de
1067 2715 1126 2774 quo
1145 2697 1165 2756 S
1182 2701 1259 2756 trans·

4 2772 10 2783 '
108 2783 238 2859 scriptus
258 2788 314 2859 est,
332 2787 398 2842 erat
416 2775 601 2863 expleam)

194 2871 264 2930 XIX
279 2874 354 2948 427,
369 2875 411 2932 30
422 2891 444 2933 s.
463 2873 524 2931 lbb.
540 2871 605 2930 Grr.
621 2876 652 2930 et
666 2871 685 2931 S
705 2865 758 2931 οἷα
778 2867 860 2932 aiud(
879 2867 1084 2948 ἀλιεκομένηι
1103 2875 1204 2948 ψυχῆε
1221 2868 1257 2932 καὶ

105 2957 431 3034 ἑξηνδραποοιεμένηε
451 2955 529 3033 ἔργα
548 2955 638 3034 εἶναι,
656 2962 710 3019 ubi
729 2956 807 3034 ἔργα
823 2956 902 3021 εἶναι
922 2981 975 3021 sue
990 2962 1054 3022 iure
1069 2962 1257 3023 Rothsteinius

109 3049 201 3107 deleri
220 3049 311 3108 iubet.
348 3049 457 3108 Misere
476 3049 553 3106 enirn
572 3050 665 3108 verba
684 3041 896 3129 languenrffl)

195 3137 287 3197 Porro
307 3138 485 3212 quinquiens
505 3138 622 3197 videtur
640 3139 751 3197 factum
771 3157 850 3211 esse,
874 3142 908 3197 ut
926 3140 957 3198 in
977 3139 996 3197 S
1015 3139 1142 3216 antiqua
1160 3158 1258 3212 corrup·

108 3227 170 3284 tela
189 3230 282 3302 esset,
305 3245 382 3302 quae
408 3229 445 3287 ab
469 3227 632 3304 archetypo
651 3228 809 3303 librorum,
832 3229 884 3303 qui
902 3229 1065 3287 examinati
1083 3233 1167 3308 sunt,
1189 3229 1259 3288 Grac·

110 3334 210 3374 corum
230 3315 327 3374 aliena
346 3319 420 3374 erat.
453 3316 504 3374 Bis
518 3316 638 3375 videtur
656 3316 700 3375 ita
715 3336 780 3376 esse
795 3321 875 3392 nata,
894 3322 929 3376 ut
943 3318 981 3376 ad
995 3317 1173 3378 vocabulum
1186 3333 1259 3394 prope

111 3404 241 3479 positum
260 3405 377 3462 librarii
396 3404 474 3463 eculi
492 3405 674 3464 aberrarent.

193 3492 219 3549 X
235 3493 308 3564 424,
324 3495 367 3552 34
378 3512 399 3553 s.
415 3492 557 3552 lbb.'Grr.
573 3488 608 3554 ἔν
622 3511 656 3553 τε
674 3491 827 3569 βαειλέων
842 3490 955 3554 αὐλαῖι
984 3493 1004 3552 S
1023 3491 1060 3555 ἐν
1073 3511 1108 3555 τε
1126 3491 1257 3571 βαιιλέων

107 3577 158 3639 καὶ
177 3575 344 3654 ἀρχόντων
364 3577 476 3641 αὐλαῖ(
496 3584 569 3643 conf.
588 3583 667 3641 infra
685 3580 757 3656 περὶ
776 3579 831 3642 τὰ(
850 3584 915 3643 τῶν
930 3577 1099 3657 ἀρχόντων
1118 3581 1168 3645 καὶ
1181 3584 1256 3643 δυνα-

105 3665 285 3729 ετευόντων
304 3663 479 3751 quiocffl),

194 3758 293 3817 XXIV
313 3760 389 3837 428,
409 3763 449 3819 34
468 3761 529 3819 lbb.
551 3759 615 3819 ἀνι.
640 3756 698 3834 τὴν
717 3758 871 3835 διαβολήν
895 3752 1069 3842 (ὑπόνοιαν
1087 3752 1214 3840 Belrlrer)
1242 3755 1256 3814 S

104 3845 163 3923 τὴν
182 3845 374 3922 κατηγορίαν
393 3849 468 3908 conf.
489 3868 580 3925 supra
599 3841 862 3926 κατηγόρηεε.648)

195 3937 246 3996 Bis
265 3938 371 3996 calami
392 3956 491 3996 errore
511 3938 658 4013 scriptura
677 3938 822 3997 versionis
842 3937 982 4016 Syriacae
1006 3958 1041 3997 ex
1065 3958 1100 3998 ea
1123 3940 1200 3999 facta
1216 3935 1255 4006 est

106 4045 195 4100 quam
216 4026 330 4085 cedices
351 4026 456 4085 Graeci
474 4027 627 4102 praebent.

193 4115 235 4172 IX
256 4117 329 4191 424,
350 4118 391 4174 32
412 4115 472 4173 lbb.
493 4114 559 4174 Grr.
579 4109 775 4178 ἀντεξετάζει
800 4115 845 4194 τῷ
866 4110 954 4194 λόγῳ
991 4115 1011 4174 S
1031 4110 1256 4181 ἀντεξετάῑεται,

107 4204 185 4278 quod
205 4223 307 4263 varum
328 4224 393 4263 esse
413 4222 471 4262 nou
488 4208 597 4280 potest,
616 4224 683 4264 cum
698 4224 741 4277 ea,
761 4223 836 4280 quae
852 4205 1005 4264 sollemnis
1020 4208 1067 4265 est
1080 4208 1160 4283 apud
1172 4201 1255 4264 Lucia·

106 4312 186 4369 num,
201 4293 291 4351 medii
305 4293 389 4353 verbi
404 4286 659 4353 ἀντεξετάζειθαι
672 4293 755 4353 notio
771 4294 839 4352 huic
853 4294 917 4353 loco
927 4313 1034 4368 parum
1044 4299 1117 4371 apta
1129 4295 1175 4355 sit.
1192 4287 1256 4350 Conf.

104 4380 524 4458 uue.eeme1·.00nc.11‚24;
540 4381 608 4440 urar.
619 4383 704 4442 more.
715 4383 773 4441 ΧΠ
784 4385 812 4461 2,
827 4382 926 4440 xxix
937 4386 970 4460 1;
985 4383 1050 4460 rup.
1061 4383 1152 4461 mag.
1164 4369 1255 4457 254⁹),
