2744 5130
104 260 170 325 452
574 262 607 319 A.
620 260 802 318 Baumstark:

197 434 344 510 Apparet,
377 435 551 508 quantum
580 432 797 492 detrahatur
824 431 1062 491 auctoritatis
1090 430 1272 507 Urbinati,

105 525 245 580 tantum
268 523 343 580 fere
367 522 449 580 addi
468 521 644 582 Vaticano
664 518 702 597 Λ,
730 521 781 597 qui
806 521 900 580 sexies
925 540 993 580 cum
1013 517 1058 580 ΒΓ
1078 524 1185 580 contra
1204 517 1270 595 ΠΕ,

107 612 198 670 semel
221 630 288 669 cum
313 609 362 668 hs
386 613 489 669 eontra
514 607 533 670 Γ
555 611 715 687 conspirat.
758 610 885 668 Videtur
904 610 930 668 is
955 629 1003 682 ea,
1027 628 1104 684 quae
1129 609 1269 686 Vulgatae

106 701 280 776 antiquitus
303 700 425 776 propria
457 702 555 776 erant,
587 700 718 759 omnium
752 698 923 776 fidelissime
952 699 1130 758 servavisse.
1174 697 1267 774 Neque

106 791 185 848 enim
208 789 271 848 veri
296 788 393 847 simile
417 789 477 862 est,
507 807 583 864 quae
611 788 690 846 inter
712 784 763 847 ΛΓ
787 790 818 847 et
840 787 1006 847 versionem
1031 787 1185 863 Syriacam
1211 805 1265 845 con-

105 879 241 953 veniunt,
259 879 290 937 in
304 873 329 936 Λ
345 881 398 936 aut
417 876 454 935 ab
473 877 687 952 interpolatore
706 877 805 953 aliquo
825 896 841 936 e
860 877 1002 935 memoria
1016 875 1172 936 Urbinatis
1191 876 1265 935 iliata

108 971 161 1026 aut
185 987 203 1024 a
226 969 392 1026 correctore
420 966 520 1042 aliquo
544 966 671 1024 feliciter
693 966 817 1026 inventa
839 985 914 1025 esse.
958 963 1053 1040 Atqui
1075 983 1149 1026 vera
1172 966 1261 1040 procul

105 1056 195 1114 dubio
216 1058 299 1132 sunt,
323 1058 359 1114 ut
381 1074 457 1131 quae
476 1056 648 1132 apographo
668 1054 811 1132 Sergiano
830 1055 1050 1114 confirmentur.
1088 1054 1192 1129 Itaque
1209 1072 1260 1112 sae·

104 1145 171 1220 pius
194 1140 255 1204 ΠΛ
273 1144 415 1204 videntur
438 1164 457 1203 a
474 1163 545 1205 vera
564 1143 713 1219 scriptura
732 1145 898 1220 antiquitus
917 1143 1059 1203 Urbinati
1077 1146 1109 1202 et
1127 1143 1258 1218 Vulgatae

105 1233 254 1293 communi
272 1233 467 1293 aberravisse.

195 1322 237 1381 At
254 1341 296 1382 ne
316 1341 435 1382 eorum
455 1323 597 1398 quidem
622 1323 723 1380 nulla
742 1322 882 1380 omnino
903 1321 956 1381 vis
976 1323 1039 1379 est.
1080 1319 1178 1379 Semel
1194 1320 1254 1378 enin
1275 1322 1278 1345 ²

107 1415 301 1472 servaverunt
320 1412 499 1488 scripturam
518 1411 684 1488 antiquitus
704 1410 845 1469 Urbinati
865 1414 894 1469 et
912 1410 1061 1485 Vulgatae
1081 1427 1253 1483 communen,

105 1520 172 1559 cum
193 1496 218 1560 Λ
243 1501 411 1577 aberraret,
435 1502 527 1560 semel
552 1503 655 1561 contra
677 1499 855 1559 Urbinatem
880 1501 910 1557 et
927 1498 1122 1573 Vaticanum,
1145 1498 1175 1556 id
1195 1495 1278 1581 quod¹

105 1593 250 1650 concentu
268 1590 435 1666 apographi
455 1589 592 1664 Sergiani
611 1589 751 1666 efficitur,
773 1589 926 1664 antiquam
946 1587 1077 1646 Graecae
1096 1586 1252 1646 recensionis

105 1679 285 1754 scripturam
305 1680 361 1738 soli
379 1670 635 1757 retinuerunrffl)

196 1767 328 1825 Summi
352 1767 506 1843 denique
530 1765 699 1826 momenti
723 1769 773 1825 est
796 1757 886 1847 ΕΜ)
924 1764 1010 1833 Quod
1033 1765 1113 1824 enim
1137 1761 1253 1824 nonnisi

105 1875 166 1931 eae,
185 1874 262 1930 quae
282 1856 426 1914 concentu
446 1856 611 1932 apographi
632 1855 770 1930 Sergiani
787 1855 1027 1930 comprobantur,
1045 1855 1186 1913 lectiones
1197 1851 1252 1909 Vul-

104 1947 194 2020 gatae
215 1963 233 2002 a
252 1947 417 2003 correctore
437 1943 627 2003 Ambrosiani
645 1943 677 2001 in
695 1944 786 2020 libro,
806 1943 857 2019 qui
875 1945 913 2003 ab
932 1942 1017 2002 initio
1036 1946 1119 2002 totus
1139 1943 1253 2002 stabata

105 2033 243 2110 partibus
263 2031 426 2106 Urbinatis,
444 2035 566 2092 notatae
585 2035 669 2106 sunt,
692 2032 724 2091 id
741 2032 800 2091 nisi
816 2033 860 2091 ita
880 2031 1022 2106 explicari
1039 2050 1100 2091 non
1117 2031 1254 2108 potestat

106 2125 275 2181 statuamus
295 2122 322 2181 ei
340 2126 462 2198 praesto
481 2121 575 2181 fuisse
589 2121 739 2198 Vulgatae
760 2121 890 2181 codicem
909 2122 1065 2195 antiquum
1085 2125 1116 2180 et
1134 2139 1152 2178 a
1170 2117 1253 2180 ceteris

105 2210 256 2287 Vulgatae
271 2211 409 2288 testibus,
424 2211 476 2289 qui
490 2200 620 2270 aetatem
634 2211 781 2285 tulerunt,
793 2209 952 2287 diversum,
970 2229 1038 2267 eum
1052 2209 1173 2286 quidem
1187 2225 1254 2284 quen

105 2300 407 2374 praestantissimum.
441 2299 607 2370 Quominus
627 2301 705 2358 enim
720 2318 736 2357 e
751 2294 776 2358 Λ
791 2302 987 2358 correctorem
1006 2299 1143 2358 hausisse
1162 2300 1254 2358 statua·

105 2409 187 2464 mus,
216 2408 251 2448 ea
274 2390 390 2449 ratione
413 2389 619 2465 prohibemur,
648 2389 725 2464 quod
748 2406 808 2446 non
832 2406 945 2460 omnes,
970 2406 1045 2462 quae
1071 2386 1175 2464 Sergio
1195 2387 1255 2444 teste

106 2498 195 2538 verae
215 2482 246 2537 et
264 2479 405 2554 antiquae
424 2480 508 2554 sunt,
534 2478 596 2538 eius
616 2477 724 2537 codicis
743 2477 886 2536 lectiones
906 2477 1029 2536 addidit.
1066 2476 1172 2554 Neque
1194 2473 1255 2534 enim

105 2567 223 2626 omnino
244 2564 265 2627 Ε
291 2568 388 2644 docet,
412 2586 488 2644 quae
514 2567 679 2644 scripturae
699 2566 855 2643 Vulgatae·
872 2565 1109 2641 comprobandae
1129 2566 1198 2638 sint,
1217 2557 1256 2622 sed

104 2659 232 2732 tantum,
249 2675 325 2732 quae
340 2656 482 2716 lectiones
497 2655 656 2715 Urbinatis
671 2654 862 2731 spernendae.
890 2654 942 2712 Ad
961 2654 1189 2714 refutandam
1202 2666 1255 2712 vero

104 2745 297 2805 Urbinatis
317 2745 525 2804 memoriam
549 2748 654 2804 tanta
677 2745 904 2804 auctoritate
927 2745 1057 2820 pollet,
1082 2746 1210 2819 quanta
1225 2735 1255 2797 ad

104 2834 404 2909 comprobandam
429 2825 522 2915 a⁶¹⁶)
640 2860 646 2872 ·
1276 2900 1278 2905 ¹

194 2922 296 2980 Liceat
315 2922 456 2998 denique,
480 2941 557 2998 quae
577 2922 612 2980 de
633 2921 768 2981 oratione
787 2923 967 2982 Demonicea
984 2921 1114 2997 probata
1132 2924 1211 2995 sunt,
1227 2914 1254 2975 ad

104 3011 310 3070 universam
325 3010 502 3070 Isocratis
521 3011 782 3086 recensionem,
801 3014 946 3087 quantum
961 3009 1082 3086 quidem
1095 3011 1255 3087 aliquacun

104 3101 317 3175 probabilitate
336 3099 401 3160 fieri
419 3102 533 3176 potest,
553 3100 721 3159 traducere:
748 3100 918 3159 Memoria
936 3099 1127 3158 Urbinatis
1146 3103 1181 3157 et
1196 3095 1254 3158 vul·
1276 3092 1278 3099 '

102 3192 189 3266 gata
212 3191 334 3249 textus
353 3189 534 3250 Isocratei
557 3189 727 3248 memoria
751 3188 792 3247 ad
812 3209 917 3246 unum
936 3189 1090 3246 redeunt
1109 3188 1254 3258 archety-

103 3300 192 3355 pum.
235 3280 276 3338 At
299 3298 340 3336 ne
364 3280 394 3337 is
419 3278 560 3354 quidem
584 3278 721 3337 mendis
750 3296 899 3354 prorsus
924 3277 1079 3336 carebat.
1116 3273 1255 3353 Itaqueiss

103 3368 294 3427 restituendis
313 3367 455 3427 Isocratis
480 3368 580 3427 verbis
599 3386 658 3427 non
677 3368 750 3427 satis
769 3367 937 3426 habendum
956 3371 1003 3425 est
1021 3366 1104 3424 illius
1122 3357 1255 3438 archetypi

105 3457 284 3532 scripturam
317 3457 541 3531 recuperavisse
571 3457 622 3516 sed
650 3456 829 3516 interdum
858 3457 1088 3515 coniecturae
1117 3452 1255 3515 acumine

102 3544 394 3606 subveniendum.
430 3545 739 3621 Discrepantibus
764 3545 861 3604 altera
883 3566 898 3604 e
917 3548 1002 3620 parte
1022 3544 1193 3603 memoria
1208 3538 1255 3598 Ur·

102 3634 253 3709 binatis,
280 3635 375 3692 altera
399 3653 413 3692 e
437 3639 523 3709 parte
542 3633 705 3694 omnibus
725 3633 906 3710 Vulgatae
926 3632 1112 3693 codicibus
1131 3629 1255 3710 gravior

102 3723 294 3782 Urbinatis
314 3723 515 3783 auotoritas
534 3743 637 3799 quam
653 3722 834 3800 Vulgatae
848 3742 916 3782 non
931 3725 995 3782 est.
1022 3721 1119 3781 Immo
1134 3712 1254 3798 spanus

102 3813 318 3871 sententiarum
333 3831 409 3871 nexu
424 3816 455 3870 et
470 3813 617 3871 scribendi
632 3831 688 3871 usu
698 3812 848 3872 Isocrateo
864 3813 941 3871 sola
955 3811 1099 3871 ratione
1113 3811 1253 3870 iudicer·

102 3902 180 3958 dum
205 3904 267 3960 est.
305 3900 376 3960 Eae
399 3902 540 3960 tantum
559 3901 744 3979 Vulgatae
765 3901 942 3962 lectiones
961 3901 1129 3977 protinus
1149 3911 1254 3958 memo·

100 3991 179 4049 riae
198 3988 389 4049 Urbinatis
413 3992 675 4066 praeferendae
695 3994 790 4067 sunt,
814 4009 904 4066 quae
923 3993 1109 4050 corrector
1128 3988 1254 4048 Ambro·

104 4079 196 4137 siani
220 4078 244 4135 Ε
270 4079 422 4140 notavit.
470 4077 776 4156 Discrepantibus
804 4083 904 4140 autem
931 4080 975 4139 ita
1002 4080 1100 4138 inter
1125 4098 1161 4139 se
1185 4069 1256 4153 ipsis

105 4168 283 4243 Vulgatae
312 4167 511 4247 codicibus,
539 4173 580 4228 ut
607 4170 717 4229 alteri
744 4188 820 4228 oum
842 4169 1020 4229 Urbinate
1045 4160 1257 4229 conveniant

103 4258 213 4315 alteri
246 4257 468 4335 discrepent,
500 4259 578 4318 veri
606 4259 725 4318 simile
753 4261 809 4319 est
836 4261 1072 4336 archetypum
1100 4259 1258 4317 librorum

99 4345 280 4423 Vulgatae
300 4366 375 4405 cum
393 4349 564 4407 memoria
578 4347 771 4407 Urbinatis
790 4349 1017 4424 convenisse,
1037 4347 1218 4408 aberravisse
1229 4334 1258 4395 ab

101 4433 224 4511 antiqua
243 4435 391 4511 scriptura
410 4455 460 4496 eos
475 4437 626 4516 Vulgatae
646 4437 768 4512 codices,
788 4438 838 4514 qui
856 4457 922 4498 cum
937 4436 1083 4496 Urbinate
1098 4426 1261 4511 discrepent·
