2744 5130
157 241 221 305 368
629 240 661 294 Α.
676 240 855 295 Baumstark:

246 409 327 468 Haec
342 408 462 487 quidem
478 408 513 467 de
528 411 628 467 aetate
640 408 707 484 viri,
721 409 828 483 patria,
846 409 916 481 vita,
926 408 993 485 fide,
1003 408 1143 467 moribus.
1158 440 1195 449 -
1212 408 1327 479 Quanta

157 518 227 557 vero
246 497 277 555 in
292 498 398 573 Sergio
417 502 452 556 ut
470 498 500 555 in
519 497 638 556 homine
657 497 754 572 quinti
774 498 909 573 sentique
929 498 1038 556 saeculi
1057 499 1179 556 natione
1198 499 1326 559 barbaro

87 604 91 611 ’
121 620 124 625 -
158 588 292 646 doctrina
310 587 410 662 fuerit,
428 605 515 645 nemo
533 605 593 645 non
611 586 784 661 mirabitur,
800 587 829 645 'si
847 588 896 645 vel
915 587 1020 645 titulos
1039 587 1186 646 librorum
1206 589 1326 664 abipso

157 676 392 751 conscriptorum
411 674 468 734 sub
487 694 546 733 uno
566 676 726 749 conspeetu
743 676 856 750 positos
875 676 1113 761 perlustraverit.
1207 728 1210 733 ⁴

128 829 131 835 ,
247 762 304 822 Sed
327 764 501 839 priusquam
525 762 733 838 componendis
758 764 876 839 scriptis
901 764 998 840 Sagii
1026 783 1148 839 operam
1176 784 1326 842 navemus,

158 853 361 930 quaerendum
381 857 439 924 est,
463 873 534 911 num
554 871 629 930 qnae
648 852 725 911 forte
745 853 834 910 etiam
855 853 973 911 minus
997 856 1096 913 certa
1115 853 1326 914 testimonia

158 942 196 1001 ad
210 941 392 1000 archiatrum
408 941 622 1000 Resainensem
636 941 701 998 iure
720 943 774 999 aut
788 944 877 999 antea
892 941 929 1000 ab
944 941 1114 1001 hominibus
1128 943 1227 1001 doctis
1248 962 1326 1002 revo-

158 1033 225 1090 cata
245 1031 305 1089 sint
323 1034 377 1088 aut
394 1049 472 1089 nova
491 1049 509 1088 a
527 1031 612 1090 nobis
630 1029 747 1105 possint
767 1032 909 1089 revocari.

247 1119 292 1178 Ac
310 1120 424 1194 primns
442 1118 561 1194 quidem
575 1110 807 1197 Assemanus⁷⁵)
826 1121 961 1194 quamvis
980 1119 1153 1178 dubitanter
1172 1120 1328 1197 quaesivit,

159 1207 281 1284 Sergius
301 1207 437 1267 sacerdos
452 1210 484 1266 et
497 1207 646 1266 archiater
660 1208 851 1267 Resainensis
871 1208 949 1267 idem
966 1212 1046 1267 esset
1065 1211 1155 1285 atque
1171 1205 1328 1283 (έργιοε

159 1291 178 1355 ὁ
202 1292 399 1370 ἑρμηνεύς,
423 1314 523 1373 quem
542 1288 768 1376 agathiasiss)
792 1299 824 1355 et
847 1292 1010 1371 ἑρμηνέων
1029 1290 1156 1370 ἄμιετον
1176 1291 1327 1358 ἁπάντων

161 1382 212 1445 καὶ
230 1379 302 1445 οἷον
321 1379 379 1444 ὑπ’
398 1380 497 1444 ἀὐτοῦ
516 1385 574 1444 τοῦ
596 1379 739 1458 Χοεμόου
759 1380 968 1458 θαυμάῑεεθαι
987 1390 1017 1444 et
1036 1382 1095 1445 sibi
1114 1387 1326 1445 amicissimum

158 1474 252 1533 fuisse
280 1474 386 1533 scribit
412 1479 456 1549 et,
489 1493 554 1533 cum
584 1476 663 1532 esset
694 1472 761 1533 τῶν
791 1473 957 1548 βαειλικῶν
990 1469 1326 1548 ἀπομνημονευμάτων
1370 1520 1372 1524 ⁴

159 1557 302 1638 φρουρός
321 1579 355 1623 τε
378 1559 429 1622 καὶ
452 1557 617 1636 ἐπιετάτη(
640 1563 786 1621 librorum
810 1563 847 1622 de
870 1565 958 1622 rebus
982 1583 1000 1622 a
1022 1564 1143 1639 regibus
1168 1564 1327 1622 Persarum

158 1653 251 1728 gestis
269 1653 390 1712 Persico
414 1671 550 1711 sermone
568 1651 800 1726 compositorum
818 1650 964 1712 Graecam
987 1647 1212 1726 ἀκριβεετάτην
1238 1647 1327 1726 μετά-

159 1756 275 1814 φμαειν
299 1741 419 1815 abipso
443 1741 553 1800 factam
574 1740 786 1799 humanissime
810 1741 868 1799 sibi
885 1741 1102 1814 transmisisse,
1126 1758 1186 1816 qua
1208 1741 1242 1800 in
1265 1761 1327 1817 per·

159 1830 322 1889 scribendis
350 1829 484 1889 historiis
513 1830 574 1888 suis
602 1831 751 1901 uteretur,
778 1833 890 1889 narrat.
928 1829 1105 1905 Opinionem
1132 1829 1224 1889 nullis
1251 1849 1327 1889 com·

158 1920 317 1993 probatam
341 1919 526 1994 argumentis
554 1919 613 1976 heu
642 1937 731 1995 quam
753 1918 859 1993 cupide
887 1921 917 1977 et
940 1919 1106 1978 inconsulte
1134 1918 1327 1995 arripuerunt

160 1998 359 2087 Meyer-cub,
385 1998 595 2088 HaeserusP),
619 1999 848 2087 Wrightius'ffl),
877 1999 1180 2087 Krumbaeherusffl),
1209 2007 1326 2067 Gemol-

159 2087 273 2175 lius.⁸1)
310 2095 409 2170 Atque
433 2096 573 2170 Meyerus
596 2096 729 2172 quidem,
757 2095 840 2155 euius
863 2097 1002 2172 vestigiis
1025 2095 1190 2156 Gemollius
1216 2100 1326 2156 temere

159 2188 241 2244 totus
261 2184 383 2261 institit,
408 2204 442 2243 eo
468 2204 562 2260 usque
581 2185 723 2244 audaciae
745 2203 921 2262 progressus
941 2187 999 2261 est,
1022 2189 1071 2262 ut,
1095 2203 1161 2243 cum
1180 2185 1326 2261 Agathias

159 2275 282 2333 annales
305 2273 343 2331 ab
368 2273 462 2334 amico
487 2292 540 2333 suo
560 2271 673 2333 Graece
696 2292 798 2332 versos
825 2269 927 2348 βιβλία
945 2268 1085 2348 Περεικά
1107 2275 1278 2350 appellaret
1301 2277 1328 2333 et

158 2363 367 2421 Barhebraens
386 2363 532 2422 medicum
552 2362 765 2422 Resainensem
783 2362 912 2437 primum
930 2363 1023 2422 libros
1043 2361 1180 2435 Graecos
1199 2363 1233 2421 id
1253 2361 1327 2439 quod

158 2470 264 2511 verum
278 2452 400 2510 minime
415 2454 470 2529 est,
488 2451 609 2528 Syrisce
622 2452 748 2511 vertisse
764 2451 906 2510 scriberet
912 2444 960 2530 82),
975 2451 1193 2510 aBarhebraeo
1207 2451 1327 2526 linguas

159 2539 310 2599 Persicam
333 2545 364 2599 et
386 2539 540 2617 Syriacam
565 2541 644 2599 inter
671 2560 702 2600 se
731 2540 868 2599 confusas
893 2559 957 2600 esse
981 2540 1191 2617 Sergiumque,
1220 2540 1274 2618 qui
1301 2541 1330 2598 et

159 2630 321 2688 archiatris
339 2630 474 2688 Romana
491 2630 638 2688 Resainae
656 2630 834 2707 fungeretur
858 2634 889 2688 et
910 2630 1106 2689 bibliothecae
1125 2630 1206 2706 regis
1226 2630 1328 2688 Persa·

159 2738 227 2777 rum
251 2720 418 2795 praeesset,
445 2719 575 2793 primum
602 2718 910 2783 contenderetlibros
934 2717 971 2777 de
993 2718 1184 2794 philosophia
1212 2722 1244 2777 et
1267 2722 1327 2777 arte
1371 2704 1372 2748 1

100 2798 111 2813 ⁶
160 2807 275 2866 medica
290 2806 419 2866 Graecos
433 2807 550 2866 Persice
565 2825 667 2866 versos
682 2807 817 2866 edidisse.
849 2807 895 2866 Ne
912 2807 943 2865 id
958 2808 1077 2883 quidem
1090 2806 1167 2866 vidit
1186 2807 1233 2866 vir
1252 2825 1328 2866 acer-

160 2897 267 2973 rimus,
291 2899 394 2954 utrum
412 2914 535 2954 revera
553 2896 672 2955 Persice
696 2895 824 2970 scriptae
846 2896 958 2955 fuerint
980 2897 1064 2973 illae,
1087 2914 1161 2970 quas
1180 2895 1328 2971 Agathias

161 2984 320 3060 signifieat,
337 2985 479 3047 historiae
497 3003 603 3060 regum
616 2984 786 3062 Persarum,
805 3003 844 3042 an
858 2984 987 3060 Syriaco,
1005 3003 1194 3060 nequaquam
1208 2985 1328 3061 liquere.

160 3074 255 3132 Immo
279 3075 373 3132 multo
401 3074 465 3132 veri
489 3073 615 3132 similius
643 3073 777 3147 ridetur,
806 3075 927 3133 annales
951 3075 1019 3134 illos
1044 3073 1165 3150 Syriaco
1195 3092 1328 3133 sermone

160 3162 340 3238 compositos
359 3163 466 3238 fuisse,
491 3162 575 3221 cuius
594 3181 666 3221 usus
687 3181 722 3221 eo
741 3166 875 3238 tempore
893 3162 925 3221 in
944 3163 1014 3221 aula
1032 3160 1264 3221 Sassanidarum
1282 3162 1330 3220 tri·

159 3253 294 3311 tissimus
318 3244 438 3332 erat.⁸³)
475 3252 637 3310 Persarum
661 3255 762 3310 antem
786 3256 817 3310 et
840 3250 983 3327 Syrorum
1006 3254 1070 3309 tam
1092 3251 1213 3326 linguas
1245 3270 1329 3327 quam

97 3333 99 3336 ⁵
159 3360 258 3401 mores
282 3342 418 3417 ritusque
445 3346 505 3399 non
528 3359 681 3416 nunquam
710 3359 728 3398 a
752 3340 946 3414 scriptoribus
970 3340 1122 3399 Arabibus
1147 3342 1177 3398 et
1202 3338 1336 3414 Graecis,

160 3430 212 3505 qui
235 3432 305 3505 post
328 3428 518 3488 Constantini
540 3430 602 3487 fere
627 3431 758 3488 aetatem
780 3427 958 3505 floruerunt,
982 3429 1123 3488 confundi
1146 3431 1252 3487 notum
1279 3431 1328 3488 est.

160 3520 203 3578 Ut
216 3520 253 3577 de
267 3536 326 3576 uno
341 3518 475 3593 exemplo
490 3518 657 3577 accuratius
672 3506 907 3589 commemorem,
921 3518 985 3592 ipse
995 3509 1191 3598 agathiasffl)
1201 3517 1329 3576 affirmat

160 3609 257 3666 multa
280 3606 461 3666 Graecorum
484 3607 596 3682 scripta
618 3607 648 3665 in
672 3626 761 3665 usum
784 3605 925 3664 (lhosroi's
948 3607 1029 3683 regis
1054 3602 1087 3665 ἐ(
1110 3603 1168 3680 τὴν
1192 3601 1328 3680 Περοίδα

161 3693 276 3771 φωνὴν
304 3714 461 3756 conversos
486 3715 560 3756 esse.
602 3695 740 3755 Revera
769 3695 805 3752 de
829 3694 965 3754 sermon'e
990 3695 1111 3771 Syriaco
1140 3695 1328 3771 cogitandum

161 3789 214 3846 est.
252 3785 329 3844 Nam
348 3804 434 3862 nnus,
454 3805 541 3861 quem
561 3785 598 3844 de
612 3784 720 3843 litteris
736 3782 856 3842 Graecis
871 3782 999 3842 Chosroi
1017 3785 1149 3843 dicatum
1164 3802 1231 3843 esse
1252 3786 1327 3843 certo

161 3877 283 3948 scimus,
307 3874 384 3933 liber
403 3893 419 3933 e
438 3873 559 3933 Graecis
578 3872 798 3949 exemplaribus
820 3873 1001 3932 adverbum
1025 3873 1087 3931 fere
1107 3872 1259 3947 expressis
1278 3872 1327 3949 Sy·

160 3966 241 4024 riaca
259 3965 363 4040 lingua
381 3963 478 4023 faetus
498 3966 552 4023 est.
590 3962 739 4022 Libellum
759 3961 823 4020 dico
843 3961 931 4019 Pauli
949 3962 1059 4021 Persae
1084 3962 1121 4020 de
1141 3965 1207 4021 arte
1226 3962 1328 4039 logica,

160 4073 249 4130 quam
272 4051 405 4112 Laudins
428 4052 459 4111 in
482 4055 563 4111 tomo
588 4051 631 4108 IV
651 4051 873 4110 Anecdotorum
896 4051 978 4126 typis
1002 4055 1158 4110 exaratum
1183 4041 1328 4128 edidit.⁸⁵)

161 4143 273 4221 Contra
297 4141 490 4201 nullomodo
518 4140 584 4199 fieri
605 4141 739 4216 poterat,
766 4142 801 4197 ut
823 4139 1032 4198 Barhebraeus
1059 4143 1089 4198 et
1112 4139 1328 4198 eruditissimus

160 4233 249 4292 homo
269 4235 300 4291 et
317 4230 437 4290 natione
455 4230 519 4306 ipse
538 4228 633 4305 Syme
652 4229 805 4305 Syriacam
823 4228 990 4303 appellaret
1008 4229 1144 4306 linguam
1162 4227 1329 4287 Persarum.

163 4355 203 4365 -
224 4321 282 4380 Sed
300 4321 338 4379 ad
358 4320 562 4397 quaestionem
579 4319 765 4394 propositam
788 4335 843 4376 nos
865 4318 1038 4377 referamus.
1076 4318 1189 4376 Verum
1209 4335 1276 4376 esse
1293 4313 1329 4387 id,

165 4411 244 4490 quod
262 4411 308 4471 illi
326 4410 461 4468 homines
480 4408 559 4467 docti
578 4410 763 4484 statuerunt,
786 4408 834 4465 vel
857 4409 1017 4482 propterea
1040 4426 1100 4467 non
1117 4409 1232 4483 potest,
1256 4405 1330 4484 quod
