2744 5130
176 252 247 319 446
646 254 679 310 A.
700 253 879 308 Baumetark:

183 424 256 483 conf.
275 444 303 499 p.
319 417 399 505 439)
423 420 500 497 μηδὲ
524 419 677 482 oterolo(
702 415 759 504 (sic
783 421 812 480 S.
844 422 920 482 conf.
938 443 966 498 p.
983 412 1063 501 447)
1088 417 1168 496 μηδὲ
1195 417 1277 494 πρὸ(
1298 439 1333 481 τ

183 508 281 586 ὀργά(
304 510 428 586 aaaron
452 507 605 572 ἀπαντῶν
638 511 658 570 S
681 511 813 570 habebat
835 513 904 587 post
925 512 1018 572 verba
1042 506 1156 582 γίγνου
1183 507 1266 584 πρὸ(
1283 528 1328 570 τι

183 597 413 675 πλητιάζονταε
432 596 610 676 ὁμιλητικὸε
629 595 726 680 (ΧΧΧ
742 602 760 660 6
777 592 884 680 s.)⁵4⁶),

271 698 356 757 XLII
375 703 392 758 3
409 719 432 758 e.
455 699 548 760 verba
567 699 658 772 χαῖρε
679 695 735 771 μὲν
754 694 806 756 ἐπὶ
825 698 892 757 τοῖς
913 691 1113 771 ευμβαίνοιιει
1132 695 1201 755 τῶν
1221 690 1296 768 ἀγα
1336 753 1338 758 .

183 787 287 846 λυποῦ
307 784 342 845 δὲ
362 783 495 861 μετρίωε
513 784 565 846 ἐπὶ
579 787 647 846 τοῑτ
661 783 861 859 γιγνομένοις
875 786 941 846 τῶν
958 784 1063 845 κακῶν
1092 783 1113 842 S
1127 785 1262 845 habebat
1275 805 1325 844 nu·

181 876 365 954 paragraphi
383 881 452 952 post
470 870 602 949 ἄμεινον
621 874 710 948 τιγάν
728 873 747 949 ἢ
768 867 944 955 lercium),
1314 896 1317 900 ·
1345 899 1348 902 ·

271 973 312 1032 LI
327 975 346 1032 3
362 992 384 1032 s.
403 968 590 1046 μανθάνειν,
614 972 693 1048 quod
716 973 746 1030 in
766 972 876 1032 nostris
895 973 1047 1032 codicibus
1067 973 1136 1048 post
1154 967 1196 1030 τά
1217 969 1298 1048 βέλτι
1323 999 1328 1024 ι

182 1067 243 1140 est,
267 1062 287 1120 S
306 1063 422 1122 omissis
446 1080 570 1138 prorsus
588 1062 711 1121 vocibus
730 1056 770 1119 τὰ
790 1058 932 1136 βέλτιττα
951 1061 1082 1120 habebat
1099 1065 1171 1136 post
1191 1076 1300 1136 (οφιετ
1324 1103 1326 1107 s

182 1151 213 1208 id
232 1151 310 1228 quod
331 1170 422 1226 supra
441 1151 501 1210 iam
520 1151 630 1210 monui.
667 1150 760 1209 Totus
780 1150 874 1228 igitur
892 1151 975 1210 locus
994 1150 1025 1208 in
1044 1148 1064 1207 S
1083 1150 1129 1208 ita
1146 1150 1289 1210 habebat:

182 1239 249 1299 τῶν
273 1239 431 1314 (οφιετῶν
455 1234 628 1314 μανθάνειν
652 1235 702 1297 καὶ
728 1232 757 1298 εἴ
774 1236 977 1321 τιχρήειμον
1002 1234 1161 1314 εἰρήκααν
1180 1233 1274 1311 ἀναγι
1311 1229 1344 1287 ί

183 1321 331 1411 εκεινάίί)

273 1435 344 1513 Sed,
368 1439 402 1494 ut
425 1435 553 1512 cogitari
574 1434 671 1511 possit
694 1435 843 1511 omnibus,
870 1453 944 1511 quos
967 1433 1063 1493 adhuc
1087 1434 1263 1511 afferebam,
1284 1435 1325 1492 lo

184 1527 237 1583 aut
261 1529 433 1584 nostrorum
456 1525 601 1584 librorum
624 1525 802 1598 scripturam
826 1544 841 1583 e
867 1524 1015 1599 scriptura
1038 1524 1206 1599 apographi
1225 1522 1313 1599 Sergi

182 1613 302 1673 fluxisse
318 1616 371 1672 aut
388 1615 465 1673 hanc
479 1633 515 1673 ex
530 1632 573 1688 ea,
593 1631 681 1688 quam
696 1613 790 1672 nostri
805 1613 919 1672 codices
935 1615 1065 1684 servant,
1083 1612 1239 1689 memoria,
1257 1613 1292 1670 de
1310 1610 1358 1652 “’-’

184 1722 258 1778 quae
283 1703 375 1761 etiam
397 1706 528 1778 restant,
552 1701 751 1760 varietatibus
775 1702 940 1777 scripturae
959 1703 1003 1760 ita
1021 1700 1149 1760 iudicari
1166 1717 1291 1777 prorsus

186 1791 259 1867 quit.
296 1790 401 1866 Neque
422 1791 500 1849 enim
520 1791 583 1850 ulla
601 1809 733 1866 unquam
751 1793 817 1849 arte
835 1792 880 1849 ita
897 1793 1040 1865 poterunt
1058 1790 1216 1866 explicari,
1255 1789 1333 1867 pap

183 1898 233 1938 ras
257 1898 293 1938 ex
316 1880 418 1939 alteris
443 1879 602 1939 omissione
625 1883 679 1938 aut
696 1879 925 1955 interpolatione
945 1883 997 1939 aut
1016 1878 1124 1938 calami
1143 1897 1245 1940 errore
1262 1878 1326 1938 fac
1341 1937 1356 1960 .,

185 1985 249 2027 esse
269 1971 445 2027 statuamus.
1344 2039 1347 2042 ‚

274 2064 408 2123 Primum
435 2066 599 2141 interdum,
630 2065 660 2123 id
689 2066 768 2141 quod
796 2065 924 2142 exempli
951 2066 1050 2142 gratia
1078 2064 1256 2140 saepissime
1280 2085 1330 2123 m:

186 2154 260 2211 duas
289 2154 421 2213 codicum
445 2154 679 2214 Aeschineorum
704 2155 834 2214 familias
857 2154 1017 2214 intercedit
1040 2154 1216 2232 discrimen,
1243 2154 1329 2214 accidi

184 2245 219 2300 ut
237 2243 392 2301 alterum
410 2243 623 2303 vocabulum
638 2262 875 2321 synonymum
891 2243 1081 2302 exstiterit
1094 2243 1131 2302 in
1146 2242 1329 2320 apograph

184 2330 373 2409 Sergiano,
410 2333 571 2391 alterum
603 2332 637 2390 in
671 2333 738 2407 eie,
777 2334 836 2408 qui
868 2333 1005 2393 servati
1034 2337 1133 2408 sunt,
1171 2332 1332 2393 codicibu

185 2419 333 2479 Graecis
352 2421 527 2496 scriptum
548 2420 606 2479 sit.

272 2517 404 2578 XXV13
425 2519 484 2579 lbb.
505 2518 571 2579 Grr.
590 2517 656 2578 τῶν
676 2513 811 2592 ἑταίρων
839 2518 859 2577 S
879 2517 944 2579 τῶν
963 2509 1141 2600 pineam),

272 2607 437 2666 XXVHIt
457 2608 517 2667 lbb.
538 2607 604 2667 θαι.
623 2603 695 2682 τίμα
724 2607 743 2666 S
762 2599 940 2727 ἀγάπα5492,

272 2695 394 2755 xvlla
413 2696 475 2755 lbb.
494 2695 560 2757 Grr.
580 2697 685 2756 ποιεῖν
713 2695 733 2755 S
753 2691 904 2770 πράττειν
924 2687 973 2777 ⁵⁰),

271 2784 370 2842 XXIV
386 2787 405 2843 2
425 2785 486 2844 lbb.
506 2783 573 2844 Gir.
593 2780 700 2846 ἔλπιζε
729 2784 749 2843 S
767 2777 918 2867 dr00551),

272 2873 435 2932 ΧΧΧΙΠ7
455 2873 515 2933 lbb.
536 2873 601 2933 Grr.
622 2869 745 2945 ἀγαθόν
773 2874 793 2933 S
813 2865 980 2955 καλόνὸὄί),

273 2961 408 3022 XLIIIS
427 2962 489 3021 lbb.
508 2961 575 3022 Grr.
593 2961 699 3022 καλῶ(
728 2963 747 3020 S
766 2954 1008 3044 άνδρωδῶείίί),

272 3050 354 3109 XLV
371 3054 388 3110 6
408 3051 468 3110 lbb.
489 3050 555 3111 (λιι.
575 3047 806 3127 πληαάζονταε
834 3051 853 3110 S
874 3044 1121 3132 xpurpe'vooc.⁵⁵¹)

273 3157 389 3217 Deinde
411 3159 524 3234 passim
548 3159 644 3218 multo
668 3159 758 3218 etiam
776 3161 898 3234 gravius
918 3177 936 3216 a
953 3158 1097 3216 memoria
1116 3158 1255 3218 codicum
1272 3159 1296 3218 G
1316 3185 1318 3209 ι

184 3266 286 3307 corum
306 3247 472 3323 scripturae
490 3247 626 3326 aSergio
646 3266 805 3324 expressae
824 3247 1002 3323 discrepant,
1020 3247 1064 3305 ita
1078 3249 1113 3305 ut
1131 3251 1196 3306 aut
1214 3249 1317 3309 univa

185 3355 259 3394 sum
279 3336 466 3395 scribendi
485 3356 598 3414 genus
619 3340 681 3397 aut
700 3338 786 3395 adeo
805 3337 883 3411 ipsa
903 3334 1088 3395 sententia
1105 3337 1235 3396 variat

272 3433 353 3492 ΙΙΙ4
373 3434 434 3493 lbb.
454 3433 506 3494 Gr.
524 3429 674 3508 ἐπιχειρῶ
703 3434 722 3492 S
742 3425 946 3513 δύναμαιίὸὗ),

274 3522 318 3580 IV
333 3524 351 3582 6
372 3523 432 3581 lbb.
447 3521 515 3582 Grr.
530 3518 582 3582 ἐπὶ
597 3519 697 3593 λόγον
725 3522 745 3581 S
765 3519 817 3582 ἐπὶ
832 3517 949 3594 λόγαιε.
978 3522 1053 3582 conf.
1067 3521 1158 3582 Isocr.
1175 3522 1309 3599 Panegl
1327 3545 1332 3589 χ

185 3609 244 3686 χρὴ
265 3607 299 3670 δὲ
318 3612 507 3686 κατηγορεῖν
526 3609 583 3686 μὲν
597 3609 739 3686 ἡγεῖεθαι
752 3609 828 3671 τοὺ(
843 3607 895 3672 ἐπί
911 3606 1009 3689 βλάβῃ
1026 3610 1265 3686 λοιδοροῦνται,
1283 3626 1318 3670 νο

185 3700 289 3760 θετεῑν
313 3697 348 3758 δὲ
371 3697 447 3760 τοὺ(
470 3694 526 3760 ἐπ’
544 3697 670 3779 ὠφελίᾳ
692 3701 789 3762 τοῦτο
812 3700 999 3771 ποιοῦντας
1023 3700 1111 3759 Plato
1130 3699 1254 3778 Protag.
1269 3699 1326 3760 312

184 3785 237 3849 ἐπὶ
264 3787 360 3867 τέχνῃ
387 3785 572 3863 μανθάνειν;
605 3791 739 3866 Xenoph.
765 3790 920 3851 Cerviul
947 3787 1005 3864 §5
1036 3783 1190 3863 ἀργύριον
1219 3787 1274 3850 odo
1321 3812 1325 3836 ι

183 3875 237 3938 ἐπὶ
256 3870 417 3959 εοφίᾳ556),
1353 3871 1360 3874 ’

273 3975 349 4035 Vla
371 3976 432 4034 lbb.
451 3975 519 4036 (λιι.
542 3976 611 4036 ταί(
634 3974 669 4036 δὲ
694 3978 750 4053 τῆ(
773 3977 878 4053 ψυχῆς
901 3971 1092 4049 ἐπιμελείαις
1120 3975 1232 4038 Sroic
1250 3973 1284 4036 δὲ
1322 3984 1326 3995 ’

185 4060 327 4125 οιανοίαε
346 4058 526 4138 ὀφθαλμοί(
533 4056 596 4146 ⁵⁵⁷),

273 4153 333 4213 XII
347 4156 365 4212 6
385 4154 446 4213 lbb.
467 4152 533 4212 Grr.
553 4154 620 4213 τοῑε
635 4152 818 4230 ευμμέτροιε
833 4148 946 4213 πόνοι(
974 4153 994 4212 S
1012 4153 1080 4214 τοῑ(
1095 4148 1211 4215 πόνοι(
1225 4151 1276 4216 καὶ
1288 4168 1334 4214 το

184 4238 373 4316 γυμναείοιτ.
411 4243 486 4302 conf.
506 4242 596 4302 Isocr.
615 4243 727 4303 Nicool.
745 4246 784 4303 13
805 4239 857 4302 διὰ
875 4239 937 4317 γὰρ
955 4239 1081 4302 τούτων
1095 4242 1162 4304 τῶν
1176 4238 1310 4320 γομνατί

183 4327 305 4406 τάχιετ’
324 4327 363 4392 ἂν
382 4329 491 4404 γένοιο
510 4332 665 4406 τοιοῦτοι,
684 4328 755 4393 οἷον
774 4328 955 4407 ὑπεθέμεθα
973 4332 1043 4394 δεῖν
1061 4330 1211 4404 γενέτθαι
1230 4331 1288 4395 τὸν
1310 4356 1331 4383 ιι

185 4419 249 4481 θῶ(
270 4413 546 4502 sacristariam),
1334 4418 1337 4423 '
