2736 5130
455 204 674 261 Lucubrationes
694 203 906 276 Syro-Graecae.
1200 207 1266 272 423

94 372 181 432 liotio
203 372 259 451 sit,
283 373 393 433 611616
412 373 478 433 61116
499 373 692 450 scriptoribus
714 373 836 434 Graecis
854 376 1005 436 vertendis
1024 375 1101 434 ratio
1120 375 1286 452 interprs·,

94 462 178 521 tandi
198 463 333 522 eiusdem
350 463 525 540 interpretis
540 463 617 541 Syri.
650 464 752 524 Nihilo
767 483 837 524 vero
854 464 950 523 secius
964 464 1114 541 Isocratis,
1133 465 1265 540 Luciani,

94 551 262 626 themistii,
281 552 435 612 Plutarchi
448 553 600 613 versiones
620 572 686 612 oum
700 552 837 613 versione
853 552 997 630 Sergiano
1016 553 1085 612 libri
1104 554 1140 612 de
1154 557 1265 614 mundo

94 640 233 702 universa
257 645 337 700 certe
360 644 425 701 arte
449 644 479 701 61
502 641 559 701 fide
582 641 838 718 interpretationis
862 642 936 702 adeo
956 643 1147 720 conveniunt,
1171 646 1206 701 61
1229 663 1264 702 ex

94 749 126 788 66
145 749 265 806 quoque
284 732 371 806 parte
390 750 495 790 manus
515 731 612 807 Sergii
631 731 660 789 in
679 731 740 790 illis
760 732 847 790 facile
867 735 1072 808 cognoscatur.

181 827 227 887 Ac
244 829 375 904 primum
398 828 516 904 quidem
537 828 737 905 singularis
757 830 812 886 661
834 829 870 886 16
889 828 1083 888 reddendis
1103 829 1262 902 singulis

94 917 242 977 vocibus
257 916 406 977 Graecis
426 918 643 977 constantia.
676 916 818 976 Variatur
837 935 909 977 sane
929 936 1039 993 sermo,
1057 917 1145 977 modo
1165 917 1261 994 aliter,

94 1006 178 1067 modo
198 1005 288 1065 aliter
306 1006 411 1067 eadem
429 1006 539 1067 locutio
558 1005 671 1066 Graeca
690 1006 874 1082 exprimitur.
908 1007 1020 1065 Tamen
1038 1007 1068 1064 in
1088 1007 1262 1067 universum

99 1095 309 1155 vocabulorum
327 1115 399 1154 usus
418 1099 481 1154 tam
500 1094 589 1155 certis
608 1095 725 1172 legibus
745 1096 986 1172 circumscriptus
1005 1098 1060 1172 661,
1079 1099 1114 1154 61
1132 1097 1261 1172 plerum-

99 1203 150 1259 que
168 1203 204 1244 ex
217 1185 361 1245 vocabulo
378 1185 500 1262 Syriaco
515 1183 664 1244 Graecum
682 1184 765 1243 facili
783 1185 953 1244 coniectura
971 1185 1089 1260 assequi
1104 1186 1262 1260 possimus.

99 1273 319 1349 Philosophicae
337 1273 476 1334 dictionis
500 1277 579 1334 certe
603 1276 635 1332 et
656 1273 742 1349 quasi
766 1273 840 1332 artis
859 1274 1005 1333 vocabula
1023 1276 1262 1334 constantissime

103 1361 200 1422 iisdem
218 1363 371 1422 vocabulis
392 1362 523 1440 Syriacis
540 1363 715 1422 redduntur.
753 1362 834 1431 Quae
853 1363 901 1421 lex
924 1362 1019 1422 sicubi
1042 1363 1161 1424 videtur
1179 1364 1263 1424 laesa

104 1469 167 1530 esse,
179 1451 210 1510 id
224 1471 284 1512 nou
297 1453 488 1529 neglegentia
507 1451 559 1512 sed
573 1452 707 1512 consulto
722 1451 835 1511 facturn
850 1454 904 1529 661,
923 1469 990 1510 cum
1003 1451 1152 1527 interpres
1168 1452 1261 1529 Syrus

104 1541 237 1600 voeabula
259 1541 313 1599 illa
335 1561 394 1601 non
418 1561 571 1617 nunquam
594 1540 824 1616 significationes
848 1540 959 1600 habere
979 1540 1115 1617 sentiret,
1143 1560 1219 1618 quae
1244 1562 1262 1601 a

107 1630 241 1688 communi
261 1649 316 1688 usu
336 1632 458 1706 paulum
474 1630 669 1689 discederent.
698 1631 773 1688 Rern
787 1630 912 1704 prolatis
928 1630 1070 1706 exemplis
1086 1630 1260 1690 confirmare

106 1721 132 1776 61
145 1718 264 1795 longum
283 1722 349 1778 erat
372 1722 404 1778 et
427 1738 533 1796 parum
557 1720 689 1779 adferret
711 1718 863 1778 utilitatis.
901 1718 989 1778 Tales
1013 1719 1104 1796 enim,
1129 1738 1204 1794 quae
1223 1721 1261 1778 ad

108 1806 279 1884 singulorum
298 1809 511 1868 vocabulorum
531 1828 602 1867 usus
621 1807 815 1867 illustrandos
836 1810 980 1883 spectant,
999 1807 1188 1881 collectiones
1208 1813 1261 1868 sut

107 1896 196 1969 plenas
225 1899 255 1956 61
283 1897 419 1974 66616666
446 1897 512 1956 fieri
539 1901 592 1956 aut
620 1897 739 1956 omnino
766 1915 824 1955 non
853 1896 918 1956 fieri
945 1899 1073 1973 oportet.
1121 1896 1261 1957 Ceterum

106 1983 203 2062 aliqua,
226 2005 303 2062 quae
326 1987 386 2046 huo
409 1987 536 2062 faciunt,
565 2005 632 2045 cum
656 1986 692 2045 de
715 1986 858 2045 memoria
881 1987 1060 2062 scriptorum
1079 1985 1260 2046 Graecorum

109 2075 252 2134 seeundum
270 2075 423 2135 versiones
443 2074 603 2151 Sergianas
622 2075 806 2134 emendanda
824 2093 982 2151 exponam,
1007 2076 1159 2135 commode
1178 2079 1260 2152 pote-

107 2165 164 2223 runt
182 2162 362 2224 adumbrari.

179 2260 334 2339 copiosius
358 2280 448 2338 quam
467 2263 504 2321 (16
522 2262 578 2320 hoc
596 2262 661 2322 loco
684 2260 896 2340 inquirendum
915 2264 962 2321 est
984 2262 1024 2320 de
1049 2261 1123 2320 fide
1148 2281 1260 2339 earum,

108 2366 165 2422 quas
181 2369 397 2429 comparemus,
416 2351 594 2411 versionum.
628 2350 670 2410 Ut
688 2370 707 2410 a
724 2350 797 2409 locis
817 2349 993 2426 quibusdam
1008 2349 1204 2427 discedamus,
1223 2351 1259 2411 de

109 2439 195 2513 quibus
212 2444 318 2516 postea
337 2440 506 2519 disputabo,
524 2440 555 2498 in
570 2440 707 2499 omnibus
726 2440 801 2498 illud
821 2443 920 2500 actum
940 2442 996 2516 est,
1015 2443 1066 2518 ut,
1086 2443 1259 2515 quantum

108 2526 167 2588 6166
190 2528 475 2606 perspicuitatis
503 2528 722 2589 detrimento
755 2532 818 2588 661
845 2528 1054 2605 elegantiae
1086 2528 1173 2588 fieri
1199 2549 1259 2605 po-

107 2616 197 2695 terat,
213 2619 365 2679 verbum
385 2638 401 2678 e
419 2619 528 2678 verbo
548 2619 822 2695 exprimeretur.
859 2617 895 2676 In
912 2617 1050 2694 plurimis
1069 2622 1169 2677 autem
1189 2617 1257 2694 illis,

106 2722 165 2778 quae
181 2710 319 2768 accurate
333 2707 453 2784 Syriaco
471 2707 549 2768 verti
567 2707 688 2767 omnino
707 2727 766 2767 non
785 2709 933 2783 poterant,
952 2707 1110 2766 reddendis
1125 2710 1156 2765 61
1171 2707 1257 2784 quasi

106 2792 303 2856 circumeundis
322 2798 444 2856 eaedem
467 2797 530 2856 fere
548 2816 603 2872 per
621 2815 685 2870 ser,
709 2815 783 2874 quas
806 2814 873 2855 oum
894 2797 1112 2873 exemplaribus
1133 2796 1255 2856 Graecis

105 2884 218 2944 conferre
233 2887 313 2961 licet,
328 2885 478 2946 versiones
493 2905 614 2945 normae
630 2886 836 2946 observantur.
849 2917 885 2926 -
897 2885 980 2954 Quae
993 2885 1025 2943 in
1035 2889 1175 2962 promptu
1186 2889 1258 2945 sunt

106 2976 219 3051 exempla
237 2975 398 3052 proferam.

176 3073 311 3133 Primum
331 3092 398 3132 cum
418 3075 516 3144 616166
535 3073 696 3148 emphatici
715 3073 839 3149 antiqua
857 3072 903 3132 vis
921 3073 1005 3131 nulla
1023 3073 1086 3132 fere
1105 3074 1152 3145 sit,
1172 3072 1257 3131 arti-

95 3160 186 3239 culus
209 3162 369 3223 Graecus
398 3162 571 3239 saepissime
594 3162 638 3221 ita
660 3163 808 3235 redditur,
837 3165 871 3220 ut
898 3162 1091 3234 vocabulum,
1120 3161 1198 3237 quod
1227 3162 1257 3218 in

94 3252 247 3327 &exemplari
262 3249 376 3311 Graeco
396 3252 565 3328 praeposito
580 3251 706 3310 articulo
721 3251 951 3310 determinatum
967 3252 1021 3326 661,
1041 3251 1078 3308 61)
1092 3249 1256 3325 interprete

94 3330 163 3410 {Syro
180 3340 356 3417 pronomine
379 3341 530 3417 personali
553 3340 660 3400 suffixo
684 3341 829 3416 iungatur
848 3359 915 3398 cum
940 3340 1000 3398 alio
1023 3338 1142 3397 nomine
1166 3357 1256 3396 enun-

94 3422 169 3513 ,tau
190 3448 319 3507 quocum
342 3430 373 3490 vi
397 3432 428 3490 et
446 3430 595 3489 sententia
613 3430 759 3489 cohaeret.
796 3429 942 3502 Exempla
965 3430 1083 3487 tantum
1107 3446 1167 3486 non
1185 3445 1257 3486 una-

94 3518 221 3596 {lneque
240 3519 411 3580 versionum
430 3519 510 3578 linea
528 3519 709 3594 suppeditat.

171 3623 410 3686 substantiva
442 3625 642 3699 composita
670 3623 784 3684 Graeca
813 3627 866 3683 aut
898 3623 1083 3699 simplicibus
1114 3621 1254 3700 Syriacis,

105 3713 247 3783 11661666
270 3714 463 3790 6666661661,
488 3713 697 3787 exprimuntur
721 3715 774 3771 aut
800 3714 938 3772 hinorum
961 3710 1114 3772 nominum
1138 3712 1256 3788 copula-

112 3796 214 3863 'nibus
233 3806 420 3878 6666161666
439 3805 642 3863 constructum
661 3803 757 3862 166116.
795 3802 940 3877 Exempla
959 3801 1108 3878 congessi,
1132 3817 1201 3859 curn
1220 3801 1256 3859 de

94 3887 436 3952 ι(166661666666.
465 3891 522 3950 Illa
540 3911 656 3967 quoque
675 3893 734 3951 iam
754 3882 903 3970 attuli404)
917 3890 1099 3967 paucissima
1113 3890 1256 3965 exempla,

94 3966 243 4059 tquibus
263 3980 454 4041 substantiva
473 3980 586 4039 Graeca
609 4000 662 4056 per
681 3997 702 4040 α
720 3980 904 4057 privativum
923 3981 1003 4039 16616
1021 3981 1109 4038 166116
1128 3978 1255 4037 vocabu-

94 4052 178 4131 llrurn
196 4069 466 4147 compositionibus
486 4071 523 4129 ad
542 4089 676 4129 normam
692 4070 814 4146 linguae
829 4069 959 4129 Graecae
978 4067 1170 4128 conformatis
1189 4067 1255 4127 red-

94 4144 200 4222 untur.

165 4256 365 4329 Adiectiva
392 4256 557 4316 neutrius
585 4257 744 4332 generis,
773 4256 880 4333 quibus
911 4254 1018 4315 Graeci
1045 4255 1157 4330 passim
1190 4259 1255 4314 tan-

94 4388 163 4430 nem
191 4363 395 4426 substantivis
418 4365 561 4441 utuntur,
589 4362 714 4438 exprimi
737 4362 834 4422 solent
861 4381 914 4437 per
941 4361 1162 4420 substantivum
1190 4374 1257 4478 02,
