2736 5130
187 249 254 314 468
666 251 699 305 Α.
713 250 892 305 Baumstark:

190 419 287 496 primo
307 415 461 494 βαειλὲυιν
480 418 636 494 excidisse,
662 419 766 478 deinde
786 439 805 477 a
821 420 958 494 librario,
981 419 1033 494 qui
1052 437 1155 479 vocem
1180 418 1359 477 desideraret

189 509 258 568 ταῑε
278 503 408 567 πόλειιν
427 507 504 566 iuste
525 508 700 584 oppositam,
720 504 857 567 ἰδιωτῶν
877 510 1046 584 suppletum
1066 527 1141 568 esse.

288 599 380 656 asoa
400 597 459 655 lbb.
479 596 546 656 Grr.
565 592 708 671 Δαρείου
746 593 889 670 8Κύρου
908 589 985 677 (sive
1005 588 1170 675 Ξέρξουε).
1208 596 1296 671 Item,
1313 596 1356 654 ubi

190 687 365 855 fortesoqpra
389 687 537 761 scriptura
560 687 681 761 excidit,
710 687 828 745 videtur
847 681 990 760 Δαρείου
1014 685 1186 744 coniectura
1207 685 1351 744 inventum

1147 499 1202 588 801)

191 793 263 835 esse.

283 866 345 923 278
358 882 383 935 a,
399 882 464 921 cum
479 865 511 921 in
524 862 608 922 libris
620 862 742 923 Graecis
757 865 935 922 excidissent
949 863 1040 923 verba
1055 860 1113 922 τὸν
1128 858 1234 937 πάροι
1249 858 1353 936 εὐπρα-

192 951 342 1027 γήεαντα,
362 952 506 1010 articulus
527 955 596 1011 ante
616 946 782 1027 ἄφρακτον
802 953 973 1012 coniectura
992 953 1188 1029 interpositus
1208 956 1255 1012 est
1275 951 1346 1032 (conl

148 1029 156 1042 ⁰
190 1064 217 1119 p·
239 1032 390 1121 46⁹1).⁸⁰³)

282 1130 395 1189 Deinde
418 1131 553 1207 quamvis
577 1150 700 1206 magna,
724 1134 759 1188 ut
781 1130 896 1205 monui,
920 1130 1057 1189 cautione
1080 1149 1156 1205 opus
1180 1131 1228 1188 est
1249 1129 1343 1189 inillis

192 1220 264 1279 loeis
284 1219 457 1293 iudicandis
478 1220 529 1278 ubi
548 1218 724 1295 paucioraS
744 1237 834 1295 quam
853 1219 966 1279 seruati
980 1219 1051 1278 libri
1066 1217 1174 1279 Graeci
1192 1218 1341 1294 praebebat,

192 1309 339 1386 quaedam
358 1313 461 1368 tamen
484 1328 519 1367 ex
538 1309 595 1382 eis,
614 1309 738 1385 quaein
759 1307 779 1366 S
799 1308 909 1367 omissa
928 1310 1026 1385 erant,
1050 1311 1134 1382 sunt,
1154 1326 1231 1383 quae
1248 1307 1339 1384 grauis

195 1398 285 1457 simos
305 1399 460 1473 scrupulos
480 1402 627 1458 moveant.
666 1397 724 1456 Sex
743 1417 865 1456 numero
884 1397 942 1455 loci
960 1397 1018 1455 hue
1037 1397 1204 1472 pertinent:

281 1489 372 1547 2680
399 1506 456 1546 cm.
488 1487 507 1544 S
540 1483 591 1546 καὶ
623 1482 703 1559 πρὸ(
737 1481 847 1559 φιλίαν
876 1479 1006 1568 ἄχρειοι.
1051 1484 1153 1545 Verba
1185 1484 1339 1545 sententian

191 1596 283 1653 quam
301 1576 473 1636 foedissime
492 1575 624 1635 turbant.
662 1575 741 1633 Illud
760 1576 838 1633 enim
858 1575 1028 1654 quaeritur,
1051 1575 1102 1650 qui
1125 1576 1218 1633 animi
1236 1575 1272 1632 ad
1288 1573 1340 1632 ami·

193 1665 294 1724 citiam
313 1665 411 1723 idonei
431 1665 498 1741 sint,
519 1665 570 1739 qui
588 1683 656 1722 non.
693 1664 792 1723 Minus
811 1666 898 1738 aptos
918 1665 1005 1723 docet
1024 1663 1207 1723 Themistius
1230 1663 1339 1739 ingratos

190 1773 255 1812 esse
284 1754 553 1829 beneficiorumque
582 1753 804 1828 obliviscentes,
837 1753 1026 1830 aptissimum
1056 1771 1126 1811 vero
1159 1752 1340 1828 gratissimum

109 1825 119 1844 ⁸
191 1861 346 1919 quemque.
380 1842 460 1900 Hace
480 1841 591 1917 optime
610 1841 729 1901 habent.
768 1840 849 1909 Quae
869 1845 970 1900 autem
989 1842 1065 1901 ratio
1086 1844 1151 1900 erat
1169 1840 1289 1901 docendi
1302 1837 1338 1898 od·

191 1931 262 1989 ditis
277 1931 374 1989 verbis
389 1931 455 1989 istis
475 1932 561 2013 aptos
577 1931 614 1989 ad
629 1930 775 1988 amicitias
790 1950 849 1989 non
863 1949 928 1990 esse
948 1949 1009 2009 eos,
1028 1930 1078 2007 qui
1098 1930 1163 2006 apti
1183 1949 1242 1989 non
1255 1930 1340 1990 esseut

191 2020 298 2095 Neque
318 2020 396 2077 enim
416 2020 476 2078 alia
495 2021 651 2091 sententia,
671 2020 696 2078 si
715 2019 805 2078 verba
825 2038 988 2096 servamus,
1006 2020 1072 2078 elici
1091 2011 1255 2102 porosum)

283 2110 375 2169 269a
403 2127 458 2167 om.
480 2107 499 2166 S
525 2103 679 2184 ssdcuuvoc
697 2105 725 2182 ἤ,
764 2108 877 2167 Graeca
900 2108 1043 2167 memoria
1067 2126 1140 2168 sana
1163 2126 1228 2168 esse
1250 2105 1341 2184 nequit

195 2197 318 2257 inverso
339 2200 419 2256 certe
438 2198 541 2257 ordine
560 2197 749 2256 scribendum
770 2202 834 2256 erat
857 2193 885 2256 εἰ
905 2192 1058 2269 βάεκανοε
1080 2195 1100 2271 ἢ
1120 2193 1246 2271 φθόνου
1264 2190 1342 2270 κρείτ-

192 2301 263 2345 (ινν.
297 2285 355 2345 Sed
374 2306 441 2345 oum
461 2283 648 2361 βάτκανοεῆ
668 2287 699 2344 in
718 2286 738 2344 S
758 2287 901 2346 omissum
917 2288 964 2363 sit,
984 2287 1085 2344 malim
1099 2287 1193 2346 uerba
1205 2306 1259 2362 pro
1272 2287 1343 2344 iuter·

192 2378 381 2451 pretamento
404 2377 514 2434 habere
539 2379 658 2450 sumpto
683 2395 717 2433 ex
741 2375 930 2435 inferioribus
951 2378 1013 2434 269
1039 2371 1116 2449 μηδὲ
1142 2362 1343 2452 βάυιανοεωί)

280 2467 370 2525 2730
399 2483 454 2523 om.
471 2464 491 2523 S
507 2459 574 2524 οὖν.
608 2464 762 2523 Particula
780 2483 937 2541 perperam
957 2485 992 2524 ex
1011 2464 1202 2524 inferioribus
1221 2458 1344 2534 καθάπερ

191 2549 250 2613 οὖν
265 2557 385 2629 sumpta
400 2556 453 2612 est.
488 2553 570 2622 Quae
587 2554 612 2612 si
626 2557 771 2630 servatur,
792 2553 1008 2612 sentent-iarum
1024 2556 1176 2612 structura
1195 2571 1267 2612 sana
1280 2551 1345 2610 nullu

192 2643 329 2703 efficitur.
365 2643 473 2701 Deleta
492 2642 597 2720 Sergio
616 2646 737 2701 auctore
762 2645 879 2715 vocula,
904 2643 1000 2701 lenius
1024 2644 1094 2701 ante
1119 2638 1251 2716 μιμητέα
1273 2643 1345 2700 inter·

191 2731 383 2808 pungendum
404 2734 451 2790 est
469 2734 500 2790 et
514 2731 556 2790 sic
570 2732 631 2790 fere
647 2733 899 2808 coniungendum:
919 2727 988 2790 ἐπεὶ
1003 2727 1101 2805 μένα(
1116 2725 1135 2789 ὁ
1150 2724 1241 2801 ἀγὼν
1252 2723 1279 2790 Ικ
1287 2747 1309 2789 τ.
1318 2727 1347 2801 l,-

194 2816 326 2894 μιμητέα
346 2820 503 2898 „quoniam
523 2839 665 2896 magnum
684 2825 835 2880 certarnen
849 2824 896 2880 est
914 2823 978 2898 etc,
997 2819 1111 2878 imitari
1125 2811 1320 2897 oportet“.⁸⁰⁶)

281 2911 375 2968 2771>
395 2929 451 2968 om.
468 2909 487 2966 S
502 2909 739 2984 νουθετοῦντεε,
759 2905 798 2968 οὐ
814 2905 1064 2984 λοιδορούμενοι,
1085 2904 1137 2968 καὶ
1152 2904 1345 2983 ἐπανορθοῦν-

191 3013 244 3057 τεε
259 2993 318 3057 οὐκ
333 2993 551 3073 ὀνειδίζοντες,
572 3017 647 3074 quae
662 3018 734 3057 vera
749 3017 813 3058 esse
829 3002 882 3057 aut
895 2999 1018 3075 antiqua
1032 2999 1115 3057 nullo
1130 2998 1219 3056 modo
1233 2998 1347 3074 possunt

191 3086 311 3146 Scilicet
332 3087 508 3147 insanientis
528 3091 593 3146 erat
617 3090 670 3146 aut
689 3088 867 3147 somnolenti
887 3088 1016 3148 scribere
1040 3082 1099 3147 οὐκ
1117 3081 1298 3148 ὀνειδίζουιι
1314 3110 1347 3125 -·

194 3209 231 3218 -
255 3209 297 3217 -
316 3172 373 3237 οὐκ
392 3168 672 3256 ὀνειδίζοντει.807)

281 3266 333 3325 Bis
358 3284 464 3325 cares
494 3267 572 3341 erat,
601 3267 635 3323 ut
663 3267 841 3341 scripturam
866 3265 1011 3326 Graecam
1039 3284 1145 3341 parum
1173 3282 1308 3325 saname
1342 3342 1345 3349 Ι

191 3354 326 3414 homines
345 3356 425 3415 docti
443 3355 618 3413 iamdudum
638 3354 790 3414 sentirent.

282 3446 374 3503 cosa
402 3464 459 3503 om.
477 3443 497 3501 S
516 3440 551 3503 ἐν
570 3444 617 3522 τῷ
636 3440 755 3523 κόεμῳ,
775 3444 855 3520 quod
872 3444 1026 3504 Iaoobsius
1046 3444 1156 3521 corrigi
1173 3445 1261 3504 iussit
1277 3443 1303 3501 iu
1362 3516 1364 3520 Α

191 3534 237 3612 τῷ
256 3529 358 3612 νώτῳ.
396 3533 498 3591 Verba
515 3552 610 3609 neque
629 3534 759 3608 genuina
779 3536 861 3608 sunt,
884 3534 915 3592 id
934 3534 1012 3609 quod
1032 3552 1068 3592 ex
1085 3532 1262 3594 versioneS
1294 3530 1300 3544 '
1355 3535 1364 3571 ³

192 3623 342 3698 discimus,
361 3641 457 3699 neque
478 3623 597 3698 integra
611 3622 732 3682 tradita.
765 3623 905 3682 Fortasse
919 3623 946 3681 is
965 3624 1017 3699 qui
1031 3623 1155 3701 addidit,
1175 3612 1325 3698 scriptitat

191 3703 377 3793 coquum)
928 3714 930 3719 '

282 3803 344 3861 269
357 3800 376 3858 d
400 3819 456 3859 om.
472 3799 492 3858 S
506 3795 642 3875 κυβείαν.
677 3799 805 3860 Videtur
819 3802 851 3859 in
865 3796 1030 3876 θετταλὰν,
1047 3802 1127 3878 quod
1140 3801 1280 3862 vitiosum
1346 3802 1364 3841 '2'

191 3909 278 3949 nemo
297 3908 356 3949 non
375 3889 470 3963 videt,
490 3890 603 3966 aliquid
622 3889 799 3967 exquisitius
819 3892 901 3950 aleae
919 3909 1027 3949 nomen
1045 3891 1155 3966 latere,
1177 3891 1224 3950 cui
1241 3886 1296 3947 tri'
1319 3880 1325 3895 '

192 3999 274 4037 mum
296 3979 372 4037 illud
394 3973 523 4053 κυβείαν
542 3982 697 4055 tamquam
715 3979 924 4056 interpretatio
944 3979 1129 4056 adscriptum
1147 3979 1198 4040 sit.
1228 3979 1270 4038 De
1285 3984 1326 4035 πεῖ

191 4063 279 4127 τείαν
297 4069 346 4128 vel
364 4063 475 4144 τηλίαν
495 4068 647 4144 cogitabat
665 4059 876 4150 Petavius.⁸⁰³)

281 4157 437 4217 Postremo
457 4176 535 4216 unus
554 4159 650 4216 restat
669 4158 764 4232 locus,
783 4158 835 4216 ubi
853 4159 1155 4235 interpretamentum
1170 4157 1275 4236 ‚Sergio
1291 4171 1318 4214 ιιι

193 4248 259 4306 tore
278 4247 437 4306 delendum
455 4247 485 4305 in
504 4246 603 4306 locum
622 4248 762 4322 antiquae
782 4247 946 4324 scripturae
964 4248 1084 4309 invasit.

281 4337 374 4395 2771)
408 4336 470 4395 lbb.
491 4335 556 4395 Grr.
577 4330 616 4395 οὐ
638 4337 677 4416 τῇ
701 4332 826 4415 διανοίᾳ
849 4332 929 4418 μόνῃ
953 4338 1011 4397 τοῦ
1030 4334 1186 4409 λέγονται·
1222 4329 1296 4397 Sed

192 4418 299 4503 (κόπῳ
319 4417 487 4505 μόνονῧίθ)
