2736 5130
193 274 258 338 500
663 275 695 331 A.
709 276 892 332 Baumstark:

193 452 222 490 se
240 435 344 490 habere
363 434 497 490 affirmat:
522 435 610 504 „Dass
630 436 719 491 dieser
733 435 889 508 Georgiker
908 436 1005 492 Sotion
1024 435 1085 491 sein
1104 435 1209 490 Dasein
1226 436 1279 490 eret
1298 434 1345 489 den

194 507 330 560 Sammler
349 506 399 562 der
417 506 577 576 Geoponica
596 507 761 562 verdankt.“

282 582 342 632 206.
363 577 441 634 Conf.
460 577 556 633 adnot
578 583 637 634 138.

283 664 344 713 296.
364 658 442 714 Conf.
457 657 537 713 Varr.
553 659 588 714 de
602 676 632 713 re
646 662 713 715 rust.
729 661 741 714 Ι
758 666 802 726 16
819 666 863 729 10;
883 660 989 717 Colum.
1004 661 1018 714 Ι
1033 667 1047 714 1
1064 667 1079 727 5
1096 666 1142 728 10;
1161 658 1275 716 Photide
1287 657 1341 714 Β161

195 729 255 784 eod.
276 735 339 797 1633
363 728 394 784 G.
411 728 442 784 Gr.
460 728 563 796 VI153
583 732 669 797 X293
689 730 727 785 XI
741 737 766 799 3,
781 739 824 786 26.

286 817 346 866 207.
365 808 408 862 Ab
428 809 548 879 Apuleio
568 809 678 863 laudari
698 811 809 866 videtur
828 811 860 867 G.
877 812 908 867 G.
928 813 993 866 XIII
1008 817 1033 879 8,
1049 817 1073 867 9.

286 896 346 945 208.
367 889 481 943 Scilicet
494 906 670 960 nequaquam
686 891 819 946 confundi
829 893 933 947 debent
942 890 1098 947 Aristarchi
1113 891 1236 945 sectator
1245 893 1270 945 66
1279 890 1344 944 11666-

196 979 258 1016 rum
277 962 311 1015 de
330 961 435 1030 plantis
455 978 502 1016 sex
522 961 642 1030 scriptor
660 962 717 1030 ille,
737 979 821 1031 quern
841 963 961 1018 Galenus
980 961 1108 1017 inlibris
1127 961 1163 1016 de
1183 961 1271 1084 simpl.
1288 961 1344 1014 med.

144 1096 146 1100 μ
194 1036 281 1102 temp.
297 1034 326 1086 et
339 1032 392 1087 Iac.
411 1032 562 1101 impugnat
576 1035 629 1104 (ed.
645 1034 728 1088 Kiihn
742 1035 798 1089 661.
813 1035 852 1088 XI
866 1054 893 1104 p.
906 1041 965 1104 792,
982 1039 1041 1102 793,
1058 1039 1118 1103 796,
1131 1039 1196 1100 796;
1210 1033 1234 1086 X
1248 1033 1260 1086 Ι
1272 1051 1295 1102 p.
1304 1033 1344 1100 31).

195 1106 233 1159 Ut
246 1104 377 1158 omittam
392 1103 428 1157 ab
441 1103 503 1173 ipso
518 1103 637 1173 Gelono,
655 1106 685 1159 ni
698 1105 790 1174 fallor,
810 1107 853 1161 ed.
868 1106 951 1160 Kuhn
966 1107 1020 1161 vol.
1036 1105 1075 1159 XI
1088 1122 1115 1173 p.
1131 1110 1183 1159 795
1198 1105 1265 1158 bene
1278 1105 1344 1157 inter-

194 1174 274 1231 nosci
300 1175 374 1229 inter
391 1174 604 1231 celeberrimum
624 1178 789 1232 sectatorem
809 1177 966 1232 Aristarchi
989 1181 1018 1232 et
1042 1177 1208 1246 scriptorem
1226 1173 1345 1229 66666166-

195 1266 272 1314 rum,
296 1249 328 1300 ut
346 1245 424 1301 cuiue
442 1247 549 1302 nomini
569 1247 689 1302 addatur
708 1251 723 1301 ὁ
742 1252 804 1316 περὶ
822 1255 880 1303 τῶν
901 1253 1028 1316 βοτανῶν
1048 1247 1165 1316 (nutele,
1190 1245 1344 1314 Pamphilum

194 1335 272 1387 eum,
298 1335 381 1386 quem
399 1317 559 1387 impugnat,
583 1322 613 1372 66
630 1320 673 1375 ed.
693 1320 777 1374 Kuihn
797 1319 836 1373 XI
854 1339 880 1389 p.
903 1326 954 1375 796
973 1319 1128 1389 616666666,
1153 1318 1230 1386 quod
1247 1317 1345 1371 Hermae

199 1389 378 1458 Trismegisti
393 1389 498 1459 scripta
512 1390 695 1459 suppositicia
709 1390 878 1458 adhibuerit,
895 1409 967 1461 quae
982 1392 1103 1445 sectator
1114 1387 1268 1443 Aristarchi
1281 1403 1344 1457 quan

197 1463 317 1514 martine
341 1477 438 1516 uereor
461 1477 496 1514 ne
519 1461 598 1515 nulla
620 1461 731 1516 nouisse
754 1463 890 1530 potuerit,
914 1466 943 1516 et
967 1462 1009 1517 ed.
1029 1461 1111 1515 Kiuhn
1130 1461 1168 1514 XI
1187 1479 1215 1530 6.
1235 1464 1282 1515 796
1299 1476 1345 1512 cun

195 1531 391 1601 Archigene
410 1533 483 1586 inter·
496 1533 663 1587 novissimos
683 1533 716 1586 de
731 1532 837 1601 plantis
852 1533 1001 1603 scriptores
1016 1534 1104 1587 habet
1118 1531 1248 1586 Galenus.
1278 1527 1346 1597 Atqui

198 1604 232 1658 de
247 1603 412 1673 Archigenis
432 1602 534 1657 medici
553 1605 647 1658 aetate
666 1608 744 1658 certo
764 1605 875 1659 constat
893 1605 976 1674 (conf.
993 1603 1070 1659 86161.
1089 1622 1110 1658 6.
1126 1621 1151 1657 6.
1171 1604 1215 1656 ἐπὶ
1228 1605 1345 1670 Τραϊανοῦ

195 1675 338 1743 1666611666
362 1677 392 1729 ἐν
412 1675 515 1744 Ῥώμῃ)
534 1675 670 1743 Agathini
689 1674 904 1730 Lacedaemonii
927 1674 1058 1745 discipuli
1080 1674 1158 1728 illius
1184 1673 1269 1743 (Suid.
1287 1672 1346 1737 66.)

193 1749 222 1801 66
252 1745 392 1800 Iuvenalis
420 1748 521 1814 666666
549 1744 676 1814 aequalis
701 1747 806 1815 (16666.
831 1748 889 1801 Sat.
909 1745 948 1800 VI
967 1754 1032 1811 236ς
1056 1746 1119 1799 XIII
1140 1751 1188 1811 98;
1208 1744 1346 1809 11111262).

194 1817 272 1872 Cohf.
296 1817 424 1884 Harless,
450 1815 589 1871 Analecta
614 1816 885 1871 historico-medica
909 1819 943 1872 de
966 1818 1124 1888 Archigene
1148 1817 1256 1870 medico
1278 1815 1348 1869 etde

193 1886 353 1957 Apolloniis
372 1887 497 1941 medicis.
526 1887 638 1957 Lipsiae
659 1893 741 1955 1816;
765 1890 862 1943 Η6666.
881 1890 900 1943 1.
915 1888 933 1942 1.
952 1907 978 1958 p.
995 1893 1055 1943 339.
1077 1921 1108 1928 —
1133 1887 1259 1941 Exeunte
1280 1885 1349 1956 igitur

197 1960 307 2013 6666616
326 1977 353 2027 p.
368 1957 416 2016 Ch.
432 1977 459 2014 n.
478 1958 569 2028 prImo
583 1957 749 2028 Pamphilus
769 1977 879 2030 qnoque
897 1959 1093 2015 botanieorum
1107 1958 1228 2029 scriptor
1245 1957 1348 2012 11666166

195 2031 336 2099 putandus
356 2031 405 2085 666.
443 2029 523 2095 Quod
541 2046 676 2099 perquam
695 2031 781 2085 miror
799 2049 834 2086 ne
853 2031 1005 2086 Christium
1029 2032 1144 2099 quidem
1163 2034 1201 2100 (p.
1219 2033 1279 2098 633)
1296 2028 1348 2082 satis

196 2101 381 2171 perspexisse.
411 2101 466 2155 Sed
484 2105 584 2171 peccat
603 2101 689 2156 etiam
708 2103 853 2156 Nicolaius
873 2103 934 2172 (1.1.
956 2102 981 2158 II
995 2121 1023 2171 p.
1038 2107 1091 2157 374
1102 2103 1142 2171 6.),
1163 2101 1213 2170 qui
1230 2099 1349 2154 medicum

197 2171 267 2227 facit
285 2172 480 2226 botanieorum
505 2175 677 2243 scriptorem.
714 2172 813 2241 Neque
837 2173 911 2228 enim
934 2173 1009 2227 idem
1029 2191 1089 2229 esse
1108 2175 1203 2243 potest
1224 2171 1263 2239 16,
1284 2186 1349 2240 quen

197 2262 232 2299 ne
246 2243 350 2299 uidisse
365 2244 487 2312 quidem,
509 2245 542 2298 de
557 2245 657 2312 quibus
672 2244 813 2312 scriberet,
833 2246 945 2315 plantas
960 2244 1082 2299 Galenus
1097 2240 1347 2310 iudicat(ed.llu“1hu

192 2315 231 2369 XI
248 2335 276 2385 p.
293 2317 363 2386 796),
384 2319 412 2369 66
430 2315 487 2384 1116,
508 2332 589 2382 quem
608 2315 639 2368 in
656 2314 737 2368 libris
757 2317 791 2369 de
807 2331 897 2386 comp.
912 2318 984 2371 med.
1001 2333 1055 2370 666.
1070 2317 1124 2370 166.
1139 2316 1195 2387 (ed.
1211 2309 1347 2368 11666111

192 2407 220 2458 p.
241 2394 306 2453 8393
325 2386 391 2441 XIII
411 2388 456 2456 68)
478 2388 572 2456 ipsum
594 2403 668 2441 nova
691 2386 896 2441 medicamenta
914 2388 1054 2442 invenisse
1073 2386 1184 2453 scribit,
1207 2403 1294 2454 neque
1309 2379 1345 2435 ille

194 2459 307 2513 omnino
325 2457 451 2512 medicus
471 2459 532 2512 erat
556 2458 604 2512 sed
628 2457 848 2527 pharmacopola
872 2458 926 2528 (ed.
947 2459 1031 2512 Kuhn
1049 2457 1114 2512 XIII
1132 2477 1159 2528 p.
1180 2462 1213 2511 68
1239 2469 1347 2524 μιγματο

195 2532 307 2598 ualde).
336 2529 425 2583 Immo
436 2529 651 2598 grammaticum
667 2528 753 2584 etiam
765 2529 930 2598 scriptorem
940 2529 1134 2585 botanieorum
1148 2530 1236 2583 fuisse
1247 2529 1345 2583 Galenus

193 2601 323 2671 perhibet
343 2601 398 2670 (ed.
413 2602 497 2654 Kiihn
510 2602 550 2655 XI
567 2620 594 2670 6.
611 2605 675 2655 7956
695 2603 884 2668 γραμματικὸς
902 2604 962 2672 ὤν).
984 2633 1016 2640 -
1039 2600 1157 2654 Accedit
1172 2598 1275 2655 Suidae
1286 2595 1345 2652 testi·

193 2673 317 2727 monium
344 2673 445 2726 misere
468 2672 539 2726 illud
562 2673 674 2740 quidem
697 2672 861 2741 perplexum
880 2690 943 2727 66.
962 2674 1111 2740 Πάμφιλος
1131 2669 1342 2739 Ἀμφιπολίτηεῆ

194 2745 341 2798 (ικυώνιοε
360 2747 376 2809 ἢ
398 2744 585 2812 Νικοπολίτης,
605 2745 758 2812 φιλόςοφος
776 2746 792 2798 6
811 2745 965 2812 ἐπικληθεὶς
983 2745 1224 2811 Φιλοπράγματοε.
1256 2741 1345 2796 Εἰκὸνα

195 2818 264 2882 (τῶν
284 2819 411 2880 βοτανῶν
430 2816 544 2884 supplet
562 2815 706 2869 verissime
722 2815 888 2869 Lambeoius
903 2817 940 2869 lb.
956 2814 1086 2885 116636
1102 2830 1273 2884 quamquam
1285 2807 1344 2864 dubi·

192 2886 331 2940 tationem
355 2887 503 2939 moverunt
520 2885 724 2955 Wesselingius
749 2887 785 2940 661
803 2885 884 2941 Diod.
904 2887 917 2940 Ι
936 2892 969 2941 81
996 2889 1024 2941 66
1042 2884 1233 2940 Bernhardius
1256 2884 1288 2937 ad
1302 2882 1317 2935 1.
1331 2879 1343 2930 l.

194 2958 283 3025 Suid.)
303 2957 373 3009 κατὰ
388 2963 530 3024 (τοιχεῖον,
549 2959 651 3023 τέχνην
666 2960 788 3025 κριτικήν
803 2960 1006 3026 (γραμματικήν
1021 2957 1206 3027 6666666616),
1224 2959 1283 3024 περΙ
1298 2966 1346 3020 upa·

193 3028 1190 3167 61616666663666619661661’66666
1209 3029 1345 3167 ”ttulit

193 3170 342 3239 politam
360 3170 446 3224 fuisse
471 3172 581 3225 constat
600 3169 812 3238 Pamphilum
836 3172 1005 3238 pictorem
1024 3172 1133 3240 Apellis
1157 3173 1345 3245 666666666666

194 3240 281 3310 (86161.
298 3259 355 3295 66.
373 3243 513 3309 Ἀπέλληες
534 3241 604 3295 Ρ116.
619 3241 653 3295 Η.
665 3242 697 3295 N.
713 3241 817 3296 XXXV
831 3247 846 3307 §
862 3249 895 3295 76
914 3244 992 3311 „ipse
1011 3241 1128 3296 Macedo
1148 3241 1296 3309 natione“).
1322 3237 1346 3290 El

196 3311 307 3367 videtur
326 3312 491 3366 tribuendus
511 3329 570 3367 esse
595 3311 629 3365 de
652 3315 712 3366 arte
734 3312 869 3382 pingendi
893 3316 922 3368 66
945 3312 980 3367 de
1003 3313 1262 3382 6166166166661666
1284 3311 1345 3364 liber.

195 3382 302 3437 Deinde
326 3384 510 3438 secernendus
534 3386 578 3438 666
603 3382 830 3453 66116666666
849 3383 976 3438 Platonis
1000 3387 1134 3451 sectator,
1159 3383 1232 3439 6166
1251 3383 1347 3450 81666-

194 3453 270 3507 nius
294 3455 364 3508 6166
384 3454 587 3524 Ν166661166
609 3456 710 3523 patria.
749 3455 829 3520 Quod
854 3454 929 3509 enim
947 3455 1041 3510 Aristo
1065 3457 1095 3510 in
1117 3456 1166 3510 vit.
1186 3448 1346 3526 1161666661.

193 3524 274 3593 Diog.
290 3526 382 3580 Latrt.
399 3526 422 3578 X
437 3531 464 3594 8)
484 3527 607 3592 auctore,
626 3527 658 3578 ut
677 3526 857 3580 6601666666
877 3527 911 3580 de
930 3529 987 3582 nat.
1007 3527 1082 3582 deor.
1101 3527 1165 3582 126
1185 3524 1358 3594 6166661666·

193 3595 316 3665 Ε616666
340 3595 465 3668 scripsit,
490 3595 658 3666 philosopho
677 3595 822 3651 Platonico
841 3596 995 3666 Epicurum
1018 3599 1047 3652 in
1067 3597 1151 3652 Samo
1169 3598 1261 3653 insula
1282 3609 1346 3652 vaca

85 3695 89 3702 ·
193 3666 276 3736 visse,
294 3666 360 3722 inde
381 3668 415 3722 de
428 3670 522 3737 patria
535 3668 588 3722 6161
607 3668 678 3722 nihil
697 3670 823 3737 apparet.
856 3670 955 3723 Restat
973 3688 1044 3724 unus
1063 3671 1138 3739 apud
1154 3669 1269 3724 Suidam
1282 3668 1346 3721 Pan·

193 3740 286 3808 philus
306 3740 342 3793 ab
361 3739 540 3795 Aristarchec
560 3740 685 3794 diversus
705 3741 772 3794 artis
792 3739 877 3806 illius,
897 3757 969 3809 quae
989 3739 1169 3810 grammatici
1188 3743 1263 3795 certe
1280 3755 1347 3807 argu·

194 3810 281 3864 menti
300 3813 372 3877 erat,
391 3812 598 3879 botanieorum,
617 3811 811 3880 georgicorum
831 3813 936 3867 auctor.
970 3812 1180 3867 internoscendi
1199 3812 1283 3882 igitur
1299 3806 1350 3864 sunl

194 3882 257 3936 duo
275 3884 413 3937 nomine
431 3881 605 3952 Pamphili
624 3882 859 3951 grammatici,
879 3885 969 3938 alter
989 3883 1123 3940 Tiberii
1141 3881 1348 3953 imperatoris

193 3954 408 4022 temporibus
428 3954 540 4009 clarus
558 3953 799 4009 Aristarcheus
819 3953 867 4008 ille
887 3954 1099 4023 celeberrimus,
1119 3955 1210 4010 alter
1229 3951 1348 4010 botani-

194 4042 306 4078 eorum
335 4025 496 4094 scriptor,
525 4026 582 4094 qui
610 4029 754 4079 exeunte
782 4024 890 4095 primo
919 4027 1060 4080 ineunte
1089 4026 1203 4080 altero
1227 4022 1349 4101 6666616

193 4096 329 4162 1166616,
348 4095 514 4166 Archigenie
534 4097 649 4164 medici,
668 4096 782 4151 Traiani
800 4095 978 4165 imperatoris
997 4096 1129 4166 aequalis.
1168 4096 1191 4150 Ε
1210 4098 1350 4166 quibus,s1

194 4166 295 4222 8616166
315 4168 382 4222 fides
401 4168 530 4223 habenda
549 4169 603 4235 666,
627 4168 728 4224 miuori
746 4167 941 4237 georgicorum
959 4168 1047 4223 libros
1065 4172 1122 4223 tres
1142 4169 1299 4223 tribuamus
1316 4180 1351 4222 ue·

195 4255 271 4293 cesse
291 4242 342 4292 eet.

283 4325 343 4374 209.
362 4319 507 4374 Laudatur
526 4337 543 4373 a
562 4317 666 4372 Colum.
686 4317 739 4372 XII
757 4326 786 4387 4,
805 4318 906 4374 Athen.
925 4320 963 4374 IX
984 4321 1078 4389 37661,
1096 4321 1214 4377 Polluce
1235 4321 1272 4375 VI
1285 4326 1309 4376 4.
1326 4347 1351 4359 -·

195 4387 273 4443 Oonl.
288 4389 363 4446 Suid.
379 4411 399 4445 s.
417 4408 442 4445 v.
472 4390 545 4444 06166
559 4389 588 4442 in
599 4387 746 4458 Susemihl,
761 4390 928 4447 Geschichte
944 4391 993 4445 der
1004 4391 1206 4448 GrIechischen
1215 4393 1353 4449 Litteratur

194 4459 224 4514 in
242 4461 292 4515 der·
311 4461 568 4517 Alexandrinerzeit
585 4460 598 4514 I
616 4479 644 4530 p.
659 4466 710 4514 842
726 4480 746 4516 s.
762 4480 783 4517 s.
